2646 4822
132 372 174 452 48
289 380 293 387 “
368 367 464 427 Ρ.Ῥ.
491 365 644 430 STATII
669 364 943 433 THEBAIDOS

175 490 354 573 Scinditur,
368 491 490 556 Aonias
503 488 579 556 lluit
590 490 646 556 hic
657 489 699 556 ab
712 493 841 582 origine
854 490 998 559 Thebas.

175 608 274 670 Mens
286 601 415 668 cunctis
426 600 571 690 imposta
583 616 715 666 manet:
730 602 806 693 quis
818 600 938 668 funera
949 600 1069 668 Cadmi

177 716 329 784 Nesciat?
341 727 374 778 et
386 713 485 778 toties
499 713 641 780 excitam
654 736 675 778 a
686 711 822 780 sedibus
835 715 917 779 imis·

176 822 404 894 Eumenidum
415 819 559 888 bellasse
570 824 697 889 aciem?
708 823 798 890 mala
810 824 932 915 gaudia
943 843 1092 892 matrum

178 943 385 1027 Erroresque
397 932 486 999 feros
498 955 692 1017 nemorum,
705 950 739 1001 et
749 935 921 1003 reticenda
932 940 1081 1004 Deorum

132 1153 236 1208 stantia.
247 1152 330 1201 Erant
342 1156 368 1195 et
382 1143 438 1195 aliae
453 1143 572 1214 ejusdem
586 1163 636 1195 no·
681 1160 778 1200 manet.
790 1149 823 1199 A.
834 1150 998 1221 -Impostcn
1012 1151 1093 1201 Haeret

130 1232 209 1284 minis
227 1225 326 1279 urbes:
348 1223 377 1271 in
394 1219 532 1273 Thessalia
549 1221 635 1292 Argos
680 1241 710 1278 ut
721 1228 838 1296 ingenue
849 1225 954 1297 loquar,
965 1230 1093 1299 aquains

130 1311 294 1379 Pelagiscum
316 1297 499 1371 appellatum,
514 1302 586 1353 item
608 1303 636 1352 in
681 1308 718 1357 tia
740 1306 821 1376 hujus
843 1305 912 1374 loci,
934 1321 960 1359 et
981 1310 1009 1358 in
1029 1304 1065 1363 el,
1078 1308 1093 1358 ir

130 1386 294 1442 Acarnania
307 1377 357 1430 alia
367 1378 482 1450 denique
491 1379 520 1429 in
526 1376 636 1450 Apulia,
681 1385 809 1438 mendum
818 1385 899 1438 latere
909 1389 1042 1459 suspicor,
1051 1407 1093 1459 qur

131 1486 200 1540 opus
219 1459 373 1525 Diomedis,
391 1456 469 1529 vulgo
486 1458 636 1530 Argin'ppa.
682 1483 734 1536 ope
753 1465 870 1518 melioris
889 1467 989 1519 codicis
1006 1466 1092 1538 liquid

37 1552 45 1557 ’
130 1546 199 1600 Vide
218 1539 382 1610 Stephanum
402 1537 436 1588 de
454 1535 579 1589 Urbibus·
603 1566 636 1577 -
681 1563 746 1596 nare
761 1563 815 1597 non
831 1546 922 1616 potui:
939 1546 994 1596 scio
1010 1562 1093 1614 quan

132 1628 243 1685 Ρθῐδθθδ-
265 1617 353 1670 pessel
373 1616 506 1668 dicuntur*
518 1618 600 1688 Argis
622 1636 638 1668 ἃ
682 1637 768 1696 poetae
781 1625 915 1695 accipiant
927 1624 1053 1695 imposta,
1066 1623 1093 1674 de

131 1707 228 1757 Perseo
246 1699 318 1748 Jovis
338 1707 365 1746 et
381 1695 489 1767 Danaes
505 1693 576 1762 filio,
592 1695 638 1765 qui
665 1711 667 1715 ’
683 1713 819 1773 supposta,
836 1713 957 1772 exposta,
975 1715 1001 1752 02
1018 1700 1093 1752 simil,

132 1783 208 1853 Argis
228 1775 382 1847 imperavit,
400 1786 427 1824 Θῑ
444 1773 542 1825 feliciis
559 1774 637 1844 Argis
685 1780 749 1851 quid
759 1780 793 1832 ad
804 1780 873 1833 hanc
881 1782 1093 1832 sententiamiBr

132 1861 273 1932 imperium
280 1853 413 1906 transtulit
418 1854 552 1925 Mycenas,
559 1870 639 1923 quam
683 1860 825 1909 -Manet
834 1861 894 1924 Est,
904 1857 1013 1908 herinii.
1024 1876 1085 1928 sup.

132 1940 228 1991 urbem
243 1929 409 1984 ⁰0ssdider21·
684 1954 804 2002 maneas,
816 1956 865 2007 pro
880 1939 924 1987 sis.
940 1937 981 1989 Sic
996 1936 1094 1988 Lucret

171 2017 230 2071 226.
252 2011 392 2065 Scinditur.
412 2011 483 2060 Bene
501 2009 640 2076 scinditur,
685 2013 1093 2083 nere,lib.Vl,1a72,proesse

136 2099 198 2171 quia
209 2095 287 2162 stirps
297 2090 371 2142 iovis
384 2107 432 2159 per
441 2088 550 2160 Libyam
559 2087 642 2140 filiam
684 2107 795 2163 rataque
803 2095 901 2166 passim
908 2095 1009 2145 cuncta
1019 2092 1093 2145 cadat

133 2173 255 2249 Epaphi,
270 2170 352 2223 scissa
366 2180 406 2218 est
419 2167 448 2217 in
461 2165 582 2232 Belidae,
594 2185 641 2218 seu
686 2171 820 2225 caelestum
832 2172 930 2243 tempta
942 2171 1094 2223 manebant.

133 2247 345 2330 posterosBeli,
366 2259 392 2296 et
410 2245 575 2316 Agenoridas
594 2265 642 2298 seu
724 2252 783 2303 228.
795 2252 832 2301 Et
843 2252 915 2302 toties
928 2250 1047 2301 excitam.
1064 2251 1093 2301 Be

134 2348 258 2408 posteros
268 2328 402 2400 Agenoris.
413 2325 642 2397 Metaphoraduc·
687 2331 910 2400 totiens—Regg.
920 2332 973 2380 Bet
981 2329 1010 2393 C,
1019 2338 1044 2379 et
1051 2340 1093 2380 tota

136 2432 164 2469 ta
177 2435 192 2466 a
205 2412 302 2475 lluvio,
316 2409 362 2485 qui
375 2408 402 2457 in
416 2404 506 2476 plures
519 2408 587 2459 rivos
600 2407 642 2459 di·
724 2427 785 2479 229.
795 2410 972 2461 Eumenidum
984 2407 1090 2461 bellasse

136 2496 243 2550 viditur.
257 2493 291 2542 Et
305 2489 423 2539 imitatus
438 2500 478 2539 est
491 2501 573 2558 poeta
583 2489 643 2540 Vir·
688 2491 919 2554 Praestantissimus
933 2487 999 2541 liber
1014 2487 1093 2540 disert

137 2574 230 2648 gilium
241 2565 344 2622 AEneid.
354 2565 430 2632 vlit,
443 2567 491 2634 142
502 2587 508 2617 ε
525 2566 588 2619 «Sic
599 2585 644 2637 ge·
689 2570 847 2641 lassefucern
853 2591 862 2631 ;
871 2589 925 2620 non
933 2570 1093 2637 refragamur

137 2674 187 2708 nus
204 2650 344 2705 amborum
360 2645 457 2698 scindit
472 2664 500 2697 se
514 2648 643 2717 sanguine
687 2665 799 2723 receptae
811 2649 928 2701 lectioni.
941 2652 1085 2700 Bam,-

137 2733 171 2788 ab
191 2750 277 2784 uno.u
295 2757 332 2766 -
349 2725 449 2777 Aonias
457 2723 533 2801 fluit.
552 2728 642 2779 Aones
688 2742 812 2782 matrerm.
824 2731 877 2779 Aut
890 2741 1000 2799 propter
1010 2728 1093 2796 Agave

136 2808 242 2866 Boeotiae
248 2825 314 2881 gens
323 2802 461 2876 indigena,
470 2823 550 2874 quarn
560 2823 642 2874 quum
688 2805 833 2879 parricidio
842 2824 891 2857 suo
900 2808 992 2858 insana
999 2803 1093 2875 gaudel

139 2895 244 2945 vicisset
265 2885 366 2938 advena
387 2880 522 2948 Cadmus,
542 2886 644 2954 recepit
687 2899 798 2957 propter
815 2887 966 2950 locustam,
984 2902 1041 2953 quae
1061 2901 1093 2934 cu

138 2975 165 3023 in
173 2961 529 3041 gratiam,Phoenicibusque
539 2963 643 3012 mistam
688 2966 745 3018 laeta
758 2955 913 3017 concubuit.
925 2964 1054 3015 Llcrnnr.

138 3050 223 3122 patria
230 3046 290 3096 loca
298 3039 515 3111 colerepermisit.
522 3038 642 3091 Eustath.
726 3044 785 3095 230.
798 3043 954 3113 Erroresque
962 3041 1036 3112 feros
1049 3058 1093 3091 ner

138 3113 645 3196 inDionys·vers-4732'Auuilrussoip·
689 3117 1093 3192 SicRegg.BetChabent.A.-

140 3208 206 3276 Capu
217 3196 308 3255 sitierit
317 3216 379 3249 aar·
391 3196 414 3249 ὄν
426 3195 534 3248 Romule·
545 3198 642 3251 Brutti.
690 3220 776 3274 resque
797 3218 892 3273 vagos,
914 3202 1000 3250 Petav.
1023 3195 1093 3248 Marl

139 3276 358 3335 -Thetaavide
368 3294 446 3347 supra
454 3295 491 3328 vs.
503 3277 645 3329 a.—Fluit
689 3280 724 3332 ad
734 3279 794 3333 Silv.
807 3281 851 3345 lv,
866 3297 896 3344 a,
912 3277 955 3344 15,
965 3277 1028 3346 legit
1038 3277 1093 3328 Ere

142 3367 192 3418 bic.
205 3359 310 3416 Scilicet
321 3356 437 3428 sanguis.
451 3354 546 3406 Baurn.
558 3385 594 3394 -
605 3355 645 3406 Ab
684 3358 756 3430 feros
769 3356 914 3409 bominum.
928 3357 969 3407 Cf.
980 3355 1065 3407 Theb.
1076 3357 1093 3407 Ι]

141 3445 248 3518 origine.
262 3436 375 3509 Supple,
388 3434 548 3487 Thebarum.
690 3438 896 3508 —Erroresque
905 3433 1089 3499 Athamantis,

178 3541 237 3593 227.
257 3523 333 3573 Mens
349 3517 447 3569 cunctis
462 3516 572 3589 imposta
590 3535 645 3566 mn·
692 3518 736 3588 qui
748 3516 846 3566 furiata
856 3528 944 3566 mente
955 3532 1037 3585 quum
1046 3514 1093 3563 Les

142 3618 193 3661 net.
203 3601 303 3659 Buslid.
315 3611 341 3650 et
349 3600 418 3651 Dan.
427 3587 537 3668 imposta
547 3607 645 3659 mouet,·
691 3594 773 3645 filium
780 3594 913 3664 jugularet
922 3632 930 3659 ,
939 3593 1044 3643 leonem
1055 3611 1083 3643 se

141 3689 256 3740 Petrens.
277 3684 358 3749 Lang.
377 3678 457 3730 haur,
477 3679 565 3728 Petav.
583 3678 646 3746 Lip-
692 3673 822 3725 occidere.
837 3703 871 3711 --
882 3673 919 3722 Et
930 3670 1093 3721 reticendaD

143 3766 208 3817 sian.
219 3760 407 3813 Behot.Venet.
416 3753 481 3822 3,4,
489 3752 548 3804 Ald.
557 3752 644 3804 Colin.
690 3752 886 3825 Amphibolon:
904 3763 950 3801 aut
962 3769 1019 3821 quae
1033 3750 1093 3800 hom

142 3831 646 3917 Gryph.Basil.Plant.ceteraetimposta
692 3833 756 3884 deos
775 3833 981 3882 commiserunt:
1003 3843 1050 3881 aut
1071 3849 1093 3900 qr

142 3934 239 3981 manet.
254 3918 369 3973 Consule
381 3922 443 3970 Var.
457 3918 520 3968 Not.
535 3917 646 3987 impasta
692 3914 839 3981 irrogavere
847 3909 1013 3961 mortalibus.
1023 3909 1049 3958 Si
1057 3909 1093 3961 lio

143 4001 311 4074 conjectabat
329 3997 459 4049 Barthius.
477 4027 512 4036 —
528 3997 592 4064 Reg.
611 3997 646 4060 B,
693 3994 719 4042 in
737 3990 817 4057 deos,
834 3990 892 4041 haec
910 4003 987 4041 sunt:
1005 3990 1066 4059 quia
1084 4010 1093 4061 l

143 4081 262 4153 impositu
281 4086 385 4138 marren
402 4075 464 4146 Reg.
481 4076 519 4142 C,
537 4074 647 4144 imposta
694 4090 721 4123 se
734 4073 760 4122 in
773 4069 970 4142 pulchritudine
980 4067 1093 4121 Niobel
