2646 4822
562 377 704 441 LIBER
729 379 757 441 1.
1196 410 1199 417 ·
1228 374 1231 379 ’

184 503 367 599 OEdipodae
378 501 519 570 confusa
529 500 653 569 domus
667 529 675 568 :
689 498 827 595 quando
840 501 924 569 Itala
935 500 1090 587 nondum
1167 404 1187 468 9

184 618 294 708 Signa,
306 637 371 682 nec
384 617 525 680 Arctoos
535 615 644 679 ausim
658 635 793 704 sperare
805 613 1013 705 triumphos,

182 731 299 822 Bisque
308 723 391 818 jugo
403 723 576 807 Rhenum,
589 723 641 791 bis
653 723 812 791 adactum
823 723 954 816 legibus
967 720 1108 809 Istruni,

174 937 211 991 17.
232 920 386 993 OEdipodoe.
398 918 534 991 OEdipus,
543 918 600 970 Laii
610 931 637 971 et
680 917 731 970 Adi
741 917 910 984 Suetonium,
921 919 1086 991 Xiphilinum
1098 933 1123 972 et
1133 922 1186 972 Eu·

140 1001 252 1052 Iocastes
270 999 357 1063 filius,
377 1012 407 1050 ut
421 1000 537 1070 primum
556 1013 634 1049 natus
680 998 812 1068 tropium,
826 999 989 1050 Domitiano.
1010 1001 1138 1051 sensim.

139 1091 185 1143 est,
196 1081 224 1130 in
233 1091 325 1130 monte
337 1077 484 1130 Cithaerone
494 1079 546 1129 fuit
555 1095 636 1148 expo·
719 1077 759 1128 18.
778 1077 895 1149 Sperore.
909 1078 1058 1129 Patrensis:
1073 1088 1186 1150 spectare

137 1159 197 1213 ritus
213 1157 308 1227 (Laius
324 1157 462 1209 oraculum
479 1168 635 1227 acceperat,
681 1154 839 1225 triumpltos3
851 1169 877 1208 et
893 1158 932 1208 sic
944 1155 1028 1208 codex
1041 1158 1186 1209 Burmanni

136 1255 159 1289 te
175 1256 191 1288 a
207 1234 277 1300 filio,
293 1237 315 1287 si
334 1238 393 1306 quis
412 1235 461 1286 sibi
479 1253 510 1286 ex
525 1237 635 1286 Jocasta
680 1251 697 1285 a
709 1251 790 1285 manu
802 1253 843 1305 pr.
859 1254 973 1308 sperare,
988 1234 1080 1287 Behot.
1100 1235 1187 1305 codes

135 1328 296 1380 nasceretur,
304 1312 447 1384 aliquando
456 1311 632 1382 occisumiri).
679 1315 769 1366 Burm.
785 1333 801 1365 a
815 1333 895 1365 manu
915 1333 968 1367 sec.
988 1317 1065 1366 Rom.
1077 1317 1184 1368 Venett.

94 1384 96 1389 ¹
133 1393 253 1464 OEdipus
267 1392 306 1444 ibi
319 1404 440 1463 repertus
455 1410 470 1443 a
483 1391 634 1444 Phorbante
680 1391 712 1456 3,
732 1389 757 1456 4
779 1391 857 1442 Aldd.
878 1393 963 1444 Colin.
983 1392 1082 1464 Gryph.
1104 1392 1184 1446 Basil.

132 1487 238 1545 pastore
252 1486 375 1544 portatus
391 1475 442 1525 fuit
456 1471 490 1523 ad
503 1473 634 1542 Meropen
677 1470 764 1545 l’lant.
775 1483 825 1522 etc.
837 1470 1025 1536 Marklandus,
1038 1472 1073 1524 ad
1083 1471 1144 1524 silv.
1157 1475 1184 1539 I,

132 1571 241 1605 uxorem
248 1549 543 1624 PolybiCorinthiorum
551 1552 635 1621 regis,
680 1549 713 1615 4,
729 1566 774 1617 91,
790 1548 855 1620 legit
870 1551 967 1622 spirare
983 1547 1126 1622 triumphos
1132 1572 1143 1612 ,·
1159 1562 1186 1603 et

133 1634 244 1703 quicum
252 1649 303 1701 pro
312 1630 367 1681 filio
374 1629 504 1682 educavit.
512 1629 635 1699 OEdrpus
680 1629 717 1679 sic
733 1629 812 1678 etiam
830 1630 901 1698 conj.
916 1630 1040 1681 Heinsius
1058 1628 1091 1679 ad
1105 1629 1184 1681 Ovid.

133 1723 218 1762 autem
235 1708 364 1780 grandior
382 1711 485 1774 factus,
504 1709 636 1778 comperit
679 1705 788 1756 Metam.
803 1724 829 1756 v.
846 1705 908 1771 343.
921 1706 987 1757 Vide
1001 1705 1136 1758 Drakenb.
1147 1707 1185 1761 ad

131 1807 157 1841 ee
168 1807 292 1841 nonesse
304 1786 398 1861 Polybi
409 1786 505 1851 filium3
519 1806 635 1858 quapro·
678 1781 724 1834 Sit.
740 1782 816 1846 XVI,
837 1781 899 1834 536.
915 1813 952 1824 —
965 1786 1045 1854 Regg.
1065 1785 1085 1834 B
1104 1799 1130 1836 et
1148 1785 1184 1851 C,

129 1880 187 1940 pter
205 1869 361 1920 consultum
379 1868 425 1919 ivit
444 1867 598 1933 oraculum,
618 1885 633 1918 a
677 1875 786 1928 sperare·
797 1859 829 1909 A·
841 1889 878 1898 -
888 1859 1004 1912 Arctoos·
1017 1861 1087 1928 Quia
1097 1861 1184 1934 hipo-

131 1965 181 2018 quo
194 1948 313 2018 accepit,
325 1964 355 1999 se
366 1959 468 2018 patrem
477 1948 505 1996 in
517 1945 633 1998 Phocide
677 1938 825 2010 pulipositi
833 1954 894 1991 sunt
905 1942 1121 2011 septemtrionem
1129 1962 1185 1996 ver·

130 2027 299 2079 inventurum
312 2049 319 2078 g
335 2045 389 2098 quo
403 2044 484 2097 quum
499 2027 632 2093 venisset,
678 2034 739 2084 sus,
754 2020 800 2089 qlll
817 2020 914 2072 Graecls
928 2021 1024 2071 Arctos
1036 2019 1135 2074 dicitur
1148 2022 1182 2074 ab

129 2104 218 2157 Laium
230 2118 337 2178 Patrem
353 2104 414 2156 illac
428 2106 479 2157 iter
490 2105 645 2171 facientem'
678 2114 739 2148 ursa
749 2099 844 2167 majori
853 2111 878 2149 et
888 2099 1000 2165 minori,
1013 2099 1109 2169 quibus
1120 2101 1184 2153 sub·

129 2185 282 2255 imprudens
305 2184 449 2237 interfecit.
470 2186 546 2234 Victa
571 2203 634 2235 mox
675 2178 747 2245 jacet
760 2175 1024 2247 septemtrio,oip2sic
1035 2180 1104 2230 enim
1114 2179 1184 2231 Grae·

129 2262 266 2336 Spbynge,
274 2282 321 2314 rex
327 2260 483 2317 aTbebanis
491 2262 632 2329 salutatus,
678 2257 715 2308 cis
724 2275 810 2308 ursam
820 2258 958 2328 significat.
971 2286 1008 2297 —
1018 2257 1119 2311 Ausim.
1130 2261 1181 2313 Pro

130 2356 238 2395 matrem
258 2344 393 2394 Joeastam
412 2360 523 2393 uxorem
543 2341 631 2403 duxit3
679 2335 802 2402 audebo,
823 2338 863 2389 vel
883 2336 1005 2389 audeam.
1026 2339 1068 2390 Sic
1086 2341 1179 2411 virgil.

130 2438 158 2471 ex
178 2440 231 2494 qna
249 2421 348 2474 liberos
371 2433 487 2490 quatuor
501 2421 630 2492 suscepit.
677 2414 732 2466 Ecl·
744 2417 779 2467 ΠΙ
784 2454 792 2482 ,
806 2415 855 2468 32:
869 2418 932 2469 ‘De
941 2435 1020 2487 grege
1031 2436 1085 2469 non
1097 2423 1182 2472 ausim

129 2500 222 2552 Exorta
241 2499 349 2553 demum
371 2502 444 2571 gravi
464 2500 631 2571 pestilentia,
678 2492 821 2565 quidquam
849 2494 983 2566 deponere
1006 2509 1126 2548 tecum.»
1149 2501 1181 2550 Et

130 2578 264 2650 respoudit
288 2577 444 2644 oraculum,
466 2578 531 2629 huic
552 2579 632 2630 finem
678 2573 773 2641 Georg.
787 2575 828 2638 11,
842 2573 910 2640 289:
926 2573 1040 2624 «Ausim
1054 2574 1094 2625 vel
1108 2577 1182 2627 tenui

130 2675 181 2708 non
192 2659 263 2726 fore,
278 2661 331 2710 nisi
345 2658 427 2711 (πρᾶος
441 2659 498 2709 Laii
510 2657 631 2710 vindica·
676 2652 756 2700 Vitem
768 2651 932 2702 committere
945 2650 1052 2703 sulco.»
1070 2655 1179 2705 Battum.

129 2749 212 2789 retur:
228 2739 301 2789 facta
313 2739 394 2806 igitur
405 2738 484 2808 hujus
499 2736 578 2789 eaedis
590 2736 632 2787 di·
716 2743 756 2796 ¹9·
781 2729 876 2798 Blsque
889 2732 967 2800 ΜΟ·
989 2732 1103 2782 lunuere
1125 2732 1182 2783 vult

129 2811 300 2883 ligentissima
308 2818 519 2886 conquisitione,
529 2817 633 2886 accepit
677 2806 782 2873 Cattos,
791 2806 878 2859 Rheni
883 2808 1094 2872 accolas,victos
1099 2811 1180 2864 fuisse

130 2891 248 2962 OEdipus
260 2911 289 2946 se
302 2906 329 2945 et
340 2907 443 2964 patrem
453 2895 632 2958 interfecisse,
677 2888 868 2954 aDomitiano,
879 2908 910 2940 ac
918 2888 1068 2961 subjugum
1075 2894 1179 2945 missos.

131 2972 630 3026 nmatreminmatrimoniohabuisse:
676 2966 1182 3022 -Rhenum.Rhenusnotissimusssu.

130 3049 194 3103 unde
209 3064 286 3103 tanto
304 3051 398 3104 dolore
415 3065 552 3124 correptus
564 3055 631 3122 fuit,
676 3066 748 3118 ropae
761 3048 871 3115 fluvius,
886 3048 999 3101 Galliam
1012 3067 1026 3100 a
1039 3050 1180 3105 Germania

129 3140 157 3177 ut
168 3128 218 3180 sibi
232 3131 286 3201 ipsi
296 3131 391 3182 oculos
404 3133 516 3196 eruerit,
534 3151 631 3202 regno·
676 3125 805 3178 dividens.
816 3126 933 3179 Celebris
942 3126 1005 3178 olim
1015 3131 1126 3180 transitu
1136 3133 1181 3182 Ju-

131 3223 177 3276 que
191 3206 333 3273 abdieato,
347 3209 374 3259 in
390 3209 480 3260 locum
494 3206 630 3260 obscuris·
674 3206 704 3258 lii
718 3209 839 3272 Caesaris,
855 3207 902 3260 sed
920 3210 1012 3280 paucis
1027 3223 1088 3262 ante
1103 3214 1179 3265 annis

130 3285 219 3337 simum
239 3304 268 3338 se
285 3286 444 3339 condiderit.
463 3291 572 3340 Baetin.
594 3317 631 3327 -
674 3285 773 3337 clarior
799 3289 911 3338 transitu
936 3288 1063 3340 Ludovici
1089 3292 1179 3360 Magni

131 3364 240 3434 Consiua
249 3363 357 3418 domus:
372 3368 433 3437 quia
443 3366 513 3419 idem
524 3366 593 3419 filius
605 3378 631 3419 et
674 3365 813 3419 Gallorum
823 3369 900 3437 regis.
910 3396 947 3406 -
956 3369 999 3420 Bis
1008 3370 1129 3420 adactum
1141 3368 1180 3421 le-

130 3447 253 3498 maritus:
275 3444 369 3497 eadem
390 3460 474 3499 muter
496 3459 522 3500 et
542 3466 627 3499 uxor:
672 3445 754 3519 pibus.
769 3446 892 3516 Intelligit
904 3448 992 3498 Dacos
1005 3448 1120 3499 Danubii
1132 3468 1178 3501 ac·

130 3518 194 3573 idem
205 3520 254 3574 filii
265 3525 312 3594 qui
324 3537 444 3594 nepotes.
457 3527 583 3578 Lacutur.
593 3554 630 3565 —
674 3522 764 3587 colas,
780 3542 794 3574 u
809 3524 963 3575 Domitiano
978 3523 1019 3575 bis
1032 3526 1132 3591 victos,
1147 3545 1178 3578 ac

134 3597 236 3668 Qrmndo
253 3601 327 3653 Itala
345 3604 472 3655 nondum,
492 3603 630 3656 Blanditur
673 3597 885 3671 legesllomanas
894 3606 1012 3675 recipere
1020 3618 1178 3656 coactos.—

132 3675 277 3731 Domitiano
289 3681 401 3746 Caesari,
414 3684 459 3755 qui
472 3695 565 3734 contra
576 3685 629 3735 Da·
673 3681 1179 3749 Istrum.ister,seuDanubiusortus,ut

133 3773 186 3822 cos,
195 3758 287 3810 Cattos
298 3770 325 3810 et
333 3756 481 3828 Sarmatas,
490 3763 574 3813 varias
585 3780 628 3814 ex·
673 3762 710 3810 ait
718 3761 887 3827 Plin.1V,1a:
899 3763 945 3812 oin
953 3762 1100 3813 Germaniae
1107 3763 1177 3833 jugis

134 3835 274 3903 peditiones
292 3842 420 3911 suscepit,
441 3854 466 3893 et
484 3854 627 3912 utcumque
672 3844 770 3893 montis
786 3839 924 3907 Abnobae,
936 3860 968 3893 ex
982 3842 1092 3894 adverso
1105 3845 1178 3895 Rau-

135 3916 220 3983 sapius
233 3918 320 3970 victus
335 3937 414 3990 quam
426 3922 510 3971 victor
520 3921 626 3986 fuisset,
673 3920 721 3969 rici
731 3918 821 3970 Galliae
834 3918 942 3991 oppidi,
955 3919 1045 3973 multis
1057 3920 1124 3972 ultra
1135 3920 1178 3971 At-

136 3988 195 4045 duos
214 4008 302 4049 tamen
323 3995 457 4068 legitimos
478 3998 627 4069 triumphos
673 4017 721 4069 pes
729 3998 899 4062 millibus,ac
907 4002 1177 4072 perinnumerasgen-

137 4070 195 4137 egit,
221 4074 299 4127 semel
323 4074 441 4128 lauream
468 4075 625 4147 deportavit.
673 4089 713 4128 tes
733 4078 824 4149 lapsus
845 4079 960 4131 Danubii
980 4081 1103 4146 nomine,
1126 4083 1176 4131 im·
