2646 4822
227 459 274 501 '20

224 1081 317 1132 novius
327 1092 398 1131 recte
408 1091 499 1131 monet
507 1077 649 1147 legendum
657 1095 726 1143 esse,

225 1170 307 1224 arcto,
315 1178 369 1210 non
377 1178 443 1219 arce,
452 1171 483 1209 ut
489 1157 589 1209 habent
596 1160 727 1228 impressi,

224 1254 250 1292 et
263 1241 307 1292 via
320 1240 372 1291 luit
384 1237 509 1310 publica,
521 1237 568 1288 sed
582 1241 725 1308 angustior.

223 1318 275 1370 Adi
284 1319 431 1370 Excursum
443 1316 522 1387 hujus
535 1316 604 1367 libri.
623 1347 658 1356 -
674 1319 727 1368 Vo-

222 1397 333 1450 cabatur
344 1410 369 1447 et
379 1395 435 1448 haec
444 1398 485 1447 via
495 1393 598 1460 aginesi,
606 1395 661 1449 hoc
674 1410 726 1463 est,

220 1478 310 1541 scissa,
327 1474 535 1549 underatiooori
548 1475 727 1548 trfidoe.'Vide

221 1555 378 1606 Pausaniam
394 1557 421 1605 in
438 1553 567 1606 Phocicis.
580 1585 616 1593 —
627 1554 726 1606 Phoci-

221 1633 275 1685 dos.
294 1632 390 1685 Phocis
403 1633 509 1685 Graeciae
523 1652 603 1704 parra
616 1636 726 1705 provin-

221 1715 279 1778 cia,
292 1713 325 1765 ad
337 1715 423 1765 sinum
435 1714 574 1765 Crissaeum
588 1713 652 1779 sita,
667 1732 727 1764 ora·

221 1792 282 1844 culo
295 1792 440 1863 Delphico,
451 1811 482 1843 ae
494 1804 585 1843 monte
593 1795 725 1844 ,Parnasso

220 1874 366 1924 notissima.
385 1874 468 1939 Hujus
481 1871 623 1941 provinciae
638 1873 728 1939 praeci·

218 1969 275 2022 pua
290 1969 320 2000 ac
334 1950 444 2002 clariora
459 1949 518 2000 loca
530 1950 610 2000 refert
621 1952 727 2016 Noster,

220 2028 307 2081 Theb.
316 2029 374 2079 Vll.
385 2059 421 2067 -
433 2025 546 2098 Tr'fidoe.
559 2026 654 2078 Melius
666 2046 727 2079 meo

218 2106 325 2177 judicio
337 2104 444 2178 trifido,
463 2120 492 2156 ut
507 2107 637 2156 referatur
650 2105 685 2157 ad
699 2102 726 2158 sd

214 2199 292 2247 oreta
302 2224 310 2252 ,
322 2186 419 2256 supple
431 2186 508 2252 loco,
521 2187 567 2257 qui
578 2185 678 2258 trifidus
690 2187 727 2238 di·

189 2260 191 2265 *
221 2269 298 2333 citur,
306 2267 373 2337 >quia
384 2268 412 2321 in
424 2265 476 2316 hoc
489 2279 563 2317 arcto
574 2266 726 2337 jungeban-

217 2361 265 2399 tur
276 2358 330 2398 tres
342 2347 396 2396 viae.
403 2346 519 2396 'Bursam

258 2423 300 2478 65.
314 2425 471 2496 Lonqoevum
485 2425 609 2496 implicui
623 2446 708 2500 repam
716 2465 724 2492 ,

221 2503 341 2576 secuique
348 2503 487 2556 trementis.
493 2506 562 2556 Bene
570 2505 726 2575 regem3hoc

223 2584 294 2634 euim
308 2581 393 2634 solum
405 2582 540 2653 parricidii
552 2597 673 2655 tempore
686 2604 729 2636 co·

183 2704 185 2706 .
214 2665 322 2734 gnovit.
337 2663 465 2718 Lacutur.
476 2693 512 2702 —
523 2667 552 2715 In
567 2663 637 2717 hanc
651 2665 728 2717 loeu-

222 2745 340 2812 tionem,
362 2742 511 2814 uimplicui,
521 2743 667 2815 longaevum
689 2765 729 2797 re·

215 2841 282 2894 ‚gem
294 2834 321 2874 et
333 2824 405 2874 secui
415 2841 462 2872 ora
473 2825 610 2875 trementis
623 2827 726 2891 senis,r

222 2901 283 2953 vide
294 2901 448 2952 Excursum.
464 2901 496 2950 A.

260 2981 303 3032 66.
324 2981 375 3031 Ora
394 2981 475 3044 senis,
494 2977 558 3028 dum
577 2996 663 3049 quoero
681 2998 731 3049 pa·

224 3071 303 3110 trem:
314 3057 471 3130 siSphinpos
484 3057 587 3127 iniquae.
596 3057 729 3110 Barclaius

224 3150 316 3189 contra
329 3153 422 3190 ornnes
433 3134 511 3186 codd.
523 3135 600 3205 legit:
612 3138 730 3210 secuique

218 3215 354 3266 ‚trementis
375 3215 427 3265 Ora
443 3214 541 3286 patris,
560 3215 623 3265 dum
642 3234 729 3287 quaero

217 3306 333 3367 patrem.
343 3322 379 3332 -
388 3294 469 3345 Senio.
483 3292 608 3363 Ejusdem
619 3295 684 3347 Laii.
694 3326 730 3335 —

225 3375 388 3444 Dumquoero
393 3385 504 3443 patrem.
511 3374 649 3427 Profectus
659 3377 730 3426 enim

220 3454 312 3504 fuerat
327 3451 447 3522 OEdipus
465 3451 610 3517 Corintho,
624 3466 730 3524 utper-

225 3533 342 3603 quireret
353 3542 471 3600 patrem3
484 3530 661 3603 consultoque
675 3551 730 3584 ora·

224 3611 301 3674 culo,
310 3610 413 3679 accepit
424 3625 452 3659 se
463 3623 566 3678 patrem
575 3610 603 3659 in
613 3610 729 3663 Phocide

221 3691 402 3740 inventurum.
416 3687 525 3738 Bnuann.
540 3717 576 3728 -
588 3689 727 3761 Sphingos.

224 3768 250 3820 Si
262 3766 393 3838 Sphingos
405 3764 621 3818 videorsolvisse
636 3769 728 3820 amba-

224 3865 284 3918 ges,
296 3848 320 3898 0
331 3844 415 3911 furia,
429 3860 458 3897 ut
469 3846 539 3897 bene
550 3844 583 3898 de
595 3860 624 3917 te
634 3851 727 3899 merito

223 3925 360 3997 parricidae
378 3936 424 3974 tuo
443 3926 573 3981 incestum
591 3929 727 3997 praemium

224 4003 309 4055 dares.
317 4002 392 4054 Dicta
400 4002 514 4073 Sphinx,
525 4003 599 4075 quod
608 4007 643 4056 ita
654 4007 730 4057 strin-

129 4107 133 4115 ·
222 4098 296 4155 geret
312 4083 433 4135 homiues
450 4084 505 4135 suis
523 4084 728 4159 quaestionibus,

468 437 501 498 P.
529 436 564 497 P.
591 433 744 498 STATll
769 433 1045 500 THEBAIDOS

275 565 481 652 Longaevum
492 558 644 656 implicui
655 538 955 651 regem,secuique
966 542 1151 659 trementis
1241 573 1280 628 65

275 675 344 739 Ora
355 668 684 766 senis,dum‘quaerol
693 665 1060 762 panemo-Sphingos
1072 672 1197 766 iniquae

274 781 425 863 Callidus,
433 781 591 872 ambages
603 796 636 847 te
648 772 1083 873 praemonstrante'resolvi3
1159 801 1161 806 ·

274 895 306 960 Si
318 890 432 961 dulces
444 892 565 974 furias,
579 906 613 958 et
623 887 837 957 lamentabile
848 893 966 958 matris

772 1089 803 1128 ut
812 1077 973 1148 seexpedire
982 1093 1039 1130 nou
1046 1092 1166 1149 possent.
1178 1078 1273 1152 Sphinx

772 1168 920 1215 monstrum
932 1169 990 1208 erat
1002 1155 1057 1208 alas
1069 1171 1095 1208 et
1108 1176 1212 1228 ungues
1225 1158 1272 1211 ha-

772 1233 838 1286 bens
847 1236 876 1285 in
886 1234 1083 1287 similitudinem
1091 1235 1273 1310 harpyiarum,

773 1314 846 1386 quod
861 1315 979 1368 insidens
995 1315 1107 1388 scopulo
1123 1319 1171 1368 viae
1189 1319 1273 1369 immi-

771 1397 859 1460 nenti,
874 1394 1026 1447 insolubilia
1039 1398 1180 1466 aenigmata
1197 1410 1275 1449 trani·

772 1472 896 1524 euntibus
914 1472 1100 1544 proponebat,
1118 1493 1175 1545 quae
1194 1493 1274 1545 quum

771 1553 873 1605 solvere
886 1573 941 1619 non
952 1568 1077 1625 possent,
1089 1575 1121 1607 ex
1132 1558 1274 1628 improviso

771 1634 877 1684 veniens
895 1632 943 1684 alis
961 1645 987 1683 et
1003 1634 1137 1703 unguibus
1155 1635 1190 1687 ad
1205 1655 1234 1688 se
1249 1637 1275 1688 in

771 1731 867 1781 rupem
885 1711 1013 1763 trahebat.
1035 1715 1117 1781 Cujus
1135 1713 1276 1767 locutionis

771 1789 895 1859 ambages
907 1791 1061 1861 OEdipodes
1073 1809 1120 1843 sua
1136 1793 1276 1846 calhditate

772 1869 861 1921 solvit:
875 1870 1058 1941 quodfflfactum
1065 1870 1277 1926 beneficiofuriae

770 1950 895 2018 imputat.
904 1950 1032 2001 Lacraur.
1040 1951 1150 2003 -Vide
1159 1950 1276 2024 descrip-

772 2027 871 2077 tionem
892 2025 972 2098 hujus
990 2030 1117 2095 monstri,
1133 2029 1277 2099 Theb.,ll,

773 2105 824 2158 605
836 2121 861 2159 et
870 2127 943 2179 seqq.
954 2108 1071 2160 Consule
1082 2112 1104 2161 si
1114 2110 1189 2163 lubet
1198 2111 1278 2183 Apol·

772 2183 896 2236 ludorum
903 2186 1029 2239 Biblioth.
1036 2187 1082 2239 lib.
1089 2193 1137 2253 111;
1146 2193 1278 2263 Hyginum

771 2266 798 2315 in
806 2263 919 2331 fabulis,
928 2284 989 2336 cap.
1000 2268 1046 2318 151
1055 2288 1062 2330 ς
1074 2281 1100 2319 et
1108 2268 1278 2337 Strabonem,

771 2343 866 2394 lib.IX.
874 2342 1110 2416 Palaephatusvero
1118 2347 1182 2401 dicit
1188 2349 1279 2420 Sphin-

772 2441 831 2493 gem
854 2424 936 2475 fuisse
957 2424 1095 2476 mulierem
1116 2428 1280 2497 quamdam,

772 2521 831 2574 quae
842 2518 974 2574 occupato
981 2523 1044 2555 cum
1053 2505 1180 2560 militibus
1186 2507 1280 2580 Sphin-

773 2584 815 2633 cio
827 2597 932 2651 monte,
945 2583 1008 2636 hinc
1020 2589 1190 2640 excursiones
1200 2591 1280 2641 facie·

772 2661 819 2713 bat
832 2664 860 2713 in
874 2681 968 2732 agrum
980 2663 1157 2731 Thebanum,
1170 2680 1198 2720 et
1210 2687 1280 2738 prae-

773 2754 907 2793 tereuntes
915 2741 1066 2796 occidebat:
1075 2745 1210 2817 OEdipum
1217 2767 1281 2800 vero

774 2819 846 2870 illam
861 2820 991 2890 intrepide
1004 2821 1128 2876 adortum
1140 2827 1280 2893 occidisse.

774 2897 842 2950 Vide
854 2897 986 2951 eumdem.
999 2903 1108 2954 Benaco.
1119 2905 1280 2981 -sslluiquoe,

775 2978 844 3029 Sane
862 2978 1021 3037 simultatem
1038 2983 1158 3054 iniquam
1174 2983 1282 3056 Sphinx

774 3059 931 3126 proposuit,
940 3072 970 3110 ut
980 3059 1101 3130 loquitur.
1109 3066 1228 3136 Hyginus
1236 3066 1280 3138 67.

775 3136 841 3202 Quae
853 3156 883 3188 ea
896 3138 993 3206 luerit,
1005 3140 1084 3194 docet
1095 3142 1272 3216 Palaephatus.

811 3216 855 3284 67.
875 3213 991 3268 Callidus
1004 3220 1130 3291 ambages.
1140 3223 1282 3294 Ambages

775 3297 907 3370 Sphingos
918 3314 994 3352 erant
1002 3304 1183 3375 problemata,
1194 3300 1242 3360 aut
1252 3329 1283 3362 te·

775 3377 901 3447 nigmata.
916 3380 948 3430 A.

810 3456 853 3508 68.
864 3457 893 3508 Si
904 3458 992 3513 dulces
998 3461 1085 3531 firrias
1091 3503 1099 3530 ,
1110 3476 1139 3515 et
1150 3466 1283 3522 lamenta-

776 3533 825 3585 bile
835 3536 931 3589 matris.
944 3539 974 3590 Si
985 3537 1174 3613 duleisfurias,
1185 3546 1280 3600 Behot.

774 3641 808 3654 ·-
819 3612 914 3666 Dulces
922 3616 1010 3686 furias
1023 3618 1103 3686 dixit,
1118 3637 1145 3675 et
1157 3623 1227 3678 bene
1240 3639 1283 3678 to-

773 3705 846 3759 tum,
860 3698 939 3747 etiam
953 3696 1026 3767 quod
1038 3700 1144 3771 ignarus
1157 3704 1283 3774 admisit,

772 3773 887 3843 imputat
896 3777 990 3826 Furiae:
1000 3789 1030 3827 ut
1039 3777 1232 3836 beneficiorum
1241 3804 1284 3838 as-

774 3851 898 3903 siduitate
913 3853 1040 3921 suffulta,
1053 3869 1190 3931 tamquam
1202 3878 1283 3917 suum

774 3929 825 3982 sibi
837 3930 952 3983 vindicet
964 3935 1133 4003 parricidam.
1148 3939 1281 3996 Llcranr.

773 4009 953 4062 Lomentabile
967 4015 1063 4067 matris.
1080 4018 1120 4068 De
1134 4017 1187 4071 hoc
1202 4020 1282 4089 loco,

773 4087 832 4140 vide
844 4088 999 4142 Ex'oursum.
