<?xml version="1.0" encoding="UTF-8"?>
<!DOCTYPE html PUBLIC "-//W3C//DTD XHTML 1.0 Transitional//EN"
    "http://www.w3.org/TR/xhtml1/DTD/xhtml1-transitional.dtd">
<html xmlns="http://www.w3.org/1999/xhtml" xml:lang="en" lang="en">
 <head>
  <title>
</title>
<meta http-equiv="Content-Type" content="text/html;charset=utf-8" />
  <meta name='ocr-system' content='tesseract 3.04.00' />
  <meta name='ocr-capabilities' content='ocr_page ocr_carea ocr_par ocr_line ocrx_word'/>
</head>
<body>
  <div class='ocr_page' id='page_1' title='image "bibliothecaclas25lemagoog_0058.png"; bbox 0 0 2646 4822; ppageno 0'>
   <div class='ocr_carea' id='block_1_1' title="bbox 560 368 750 433">
    <p class='ocr_par' dir='ltr' id='par_1_1' title="bbox 560 368 750 433">
     <span class='ocr_line' id='line_1_1' title="bbox 560 368 750 433; baseline 0 0"><span class='ocrx_word' id='word_1_1' title='bbox 560 368 701 433; x_wconf 86' lang='lat' dir='ltr'>LIBER</span> <span class='ocrx_word' id='word_1_2' title='bbox 725 371 750 433; x_wconf 93' lang='lat'><strong>1.</strong></span> 
     </span>
    </p>
   </div>
   <div class='ocr_carea' id='block_1_2' title="bbox 180 494 1040 923">
    <p class='ocr_par' dir='ltr' id='par_1_2' title="bbox 180 494 1040 923">
     <span class='ocr_line' id='line_1_2' title="bbox 189 494 1040 588; baseline 0.005 -24"><span class='ocrx_word' id='word_1_3' title='bbox 189 494 386 578; x_wconf 87' lang='lat' dir='ltr'><strong>Semideum,</strong></span> <span class='ocrx_word' id='word_1_4' title='bbox 400 511 434 562; x_wconf 89' lang='lat' dir='ltr'><strong>et</strong></span> <span class='ocrx_word' id='word_1_5' title='bbox 445 497 587 562; x_wconf 89' lang='lat' dir='ltr'><strong>summis</strong></span> <span class='ocrx_word' id='word_1_6' title='bbox 600 498 734 588; x_wconf 75' lang='lat' dir='ltr'>cognati</span> <span class='ocrx_word' id='word_1_7' title='bbox 746 494 894 563; x_wconf 92' lang='lat' dir='ltr'><strong>nubibus</strong></span> <span class='ocrx_word' id='word_1_8' title='bbox 907 522 1040 583; x_wconf 87' lang='lat' dir='ltr'><strong>amnes,</strong></span> 
     </span>
     <span class='ocr_line' id='line_1_3' title="bbox 185 586 1023 702; baseline 0.005 -27"><span class='ocrx_word' id='word_1_9' title='bbox 185 612 220 675; x_wconf 85' lang='lat' dir='ltr'><strong>Et</strong></span> <span class='ocrx_word' id='word_1_10' title='bbox 230 630 425 700; x_wconf 86' lang='lat' dir='ltr'><strong>compressa</strong></span> <span class='ocrx_word' id='word_1_11' title='bbox 435 623 528 673; x_wconf 89' lang='lat' dir='ltr'><strong>metu</strong></span> <span class='ocrx_word' id='word_1_12' title='bbox 541 586 712 702; x_wconf 82' lang='lat' dir='ltr'><strong>servantes</strong></span> <span class='ocrx_word' id='word_1_13' title='bbox 723 632 900 674; x_wconf 88' lang='lat' dir='ltr'><strong>murmura</strong></span> <span class='ocrx_word' id='word_1_14' title='bbox 911 615 1003 679; x_wconf 86' lang='lat' dir='ltr'><strong>venti</strong></span> <span class='ocrx_word' id='word_1_15' title='bbox 1016 632 1023 641; x_wconf 83' lang='lat'><strong>·&#39;</strong></span> 
     </span>
     <span class='ocr_line' id='line_1_4' title="bbox 182 718 982 812; baseline 0.004 -26"><span class='ocrx_word' id='word_1_16' title='bbox 182 725 286 786; x_wconf 83' lang='lat' dir='ltr'><strong>Aurea</strong></span> <span class='ocrx_word' id='word_1_17' title='bbox 297 735 386 786; x_wconf 88' lang='lat' dir='ltr'><strong>tecta</strong></span> <span class='ocrx_word' id='word_1_18' title='bbox 398 718 545 812; x_wconf 81' lang='lat' dir='ltr'><strong>replent3</strong></span> <span class='ocrx_word' id='word_1_19' title='bbox 558 723 662 786; x_wconf 86' lang='lat' dir='ltr'><strong>mixta</strong></span> <span class='ocrx_word' id='word_1_20' title='bbox 673 743 822 787; x_wconf 88' lang='lat' dir='ltr'><strong>convexa</strong></span> <span class='ocrx_word' id='word_1_21' title='bbox 833 727 982 789; x_wconf 81' lang='lat' dir='ltr'><strong>Deorum</strong></span> 
     </span>
     <span class='ocr_line' id='line_1_5' title="bbox 180 826 954 923; baseline 0.004 -27"><span class='ocrx_word' id='word_1_22' title='bbox 180 826 351 921; x_wconf 85' lang='lat' dir='ltr'><strong>Majestate</strong></span> <span class='ocrx_word' id='word_1_23' title='bbox 363 845 514 896; x_wconf 89' lang='lat' dir='ltr'><strong>tremunt</strong></span> <span class='ocrx_word' id='word_1_24' title='bbox 526 856 533 896; x_wconf 74' lang='grc' dir='ltr'><strong>ε</strong></span> <span class='ocrx_word' id='word_1_25' title='bbox 547 828 681 897; x_wconf 87' lang='lat' dir='ltr'><strong>radiant</strong></span> <span class='ocrx_word' id='word_1_26' title='bbox 692 828 821 923; x_wconf 86' lang='lat' dir='ltr'><strong>majore</strong></span> <span class='ocrx_word' id='word_1_27' title='bbox 834 855 954 899; x_wconf 90' lang='lat' dir='ltr'><strong>sereno</strong></span> 
     </span>
    </p>
   </div>
   <div class='ocr_carea' id='block_1_3' title="bbox 177 938 980 1035">
    <p class='ocr_par' dir='ltr' id='par_1_3' title="bbox 177 938 980 1035">
     <span class='ocr_line' id='line_1_6' title="bbox 177 938 980 1035; baseline 0.006 -30"><span class='ocrx_word' id='word_1_28' title='bbox 177 938 344 1024; x_wconf 85' lang='lat' dir='ltr'><strong>Culmina,</strong></span> <span class='ocrx_word' id='word_1_29' title='bbox 359 954 391 1007; x_wconf 87' lang='lat' dir='ltr'><strong>et</strong></span> <span class='ocrx_word' id='word_1_30' title='bbox 403 965 527 1008; x_wconf 89' lang='lat' dir='ltr'><strong>arcano</strong></span> <span class='ocrx_word' id='word_1_31' title='bbox 538 940 699 1010; x_wconf 88' lang='lat' dir='ltr'><strong>florentes</strong></span> <span class='ocrx_word' id='word_1_32' title='bbox 712 941 842 1010; x_wconf 92' lang='lat' dir='ltr'><strong>lumine</strong></span> <span class='ocrx_word' id='word_1_33' title='bbox 854 958 980 1035; x_wconf 82' lang='lat' dir='ltr'><strong>postes,</strong></span> 
     </span>
    </p>
   </div>
   <div class='ocr_carea' id='block_1_4' title="bbox 1129 974 1181 1010">
    <p class='ocr_par' dir='ltr' id='par_1_4' title="bbox 1129 974 1181 1010">
     <span class='ocr_line' id='line_1_7' title="bbox 1129 974 1181 1010; baseline 0.019 -1"><span class='ocrx_word' id='word_1_34' title='bbox 1129 974 1181 1010; x_wconf 85' lang='lat'><strong>210</strong></span> 
     </span>
    </p>
   </div>
   <div class='ocr_carea' id='block_1_5' title="bbox 175 1050 1118 1369">
    <p class='ocr_par' dir='ltr' id='par_1_5' title="bbox 175 1050 1118 1369">
     <span class='ocr_line' id='line_1_8' title="bbox 220 1050 1118 1147; baseline 0.007 -31"><span class='ocrx_word' id='word_1_35' title='bbox 220 1056 406 1146; x_wconf 89' lang='lat' dir='ltr'><strong>Postquam</strong></span> <span class='ocrx_word' id='word_1_36' title='bbox 413 1050 509 1145; x_wconf 88' lang='lat' dir='ltr'><strong>jussa</strong></span> <span class='ocrx_word' id='word_1_37' title='bbox 521 1055 633 1146; x_wconf 89' lang='lat' dir='ltr'><strong>quies,</strong></span> <span class='ocrx_word' id='word_1_38' title='bbox 647 1054 808 1147; x_wconf 85' lang='lat' dir='ltr'><strong>siluitque</strong></span> <span class='ocrx_word' id='word_1_39' title='bbox 820 1056 999 1122; x_wconf 86' lang='lat' dir='ltr'><strong>exterritus</strong></span> <span class='ocrx_word' id='word_1_40' title='bbox 1011 1056 1118 1137; x_wconf 88' lang='lat' dir='ltr'><strong>orbis,</strong></span> 
     </span>
     <span class='ocr_line' id='line_1_9' title="bbox 176 1158 963 1255; baseline 0.005 -29"><span class='ocrx_word' id='word_1_41' title='bbox 176 1163 297 1254; x_wconf 87' lang='lat' dir='ltr'><strong>Incipit</strong></span> <span class='ocrx_word' id='word_1_42' title='bbox 309 1186 351 1229; x_wconf 88' lang='lat' dir='ltr'><strong>ex</strong></span> <span class='ocrx_word' id='word_1_43' title='bbox 363 1161 430 1229; x_wconf 81' lang='lat' dir='ltr'><strong>alto</strong></span> <span class='ocrx_word' id='word_1_44' title='bbox 442 1158 558 1255; x_wconf 67' lang='lat' dir='ltr'><strong>(grave</strong></span> <span class='ocrx_word' id='word_1_45' title='bbox 570 1179 604 1230; x_wconf 90' lang='lat' dir='ltr'><strong>et</strong></span> <span class='ocrx_word' id='word_1_46' title='bbox 614 1163 826 1231; x_wconf 83' lang='lat' dir='ltr'><strong>immutabile</strong></span> <span class='ocrx_word' id='word_1_47' title='bbox 840 1166 963 1232; x_wconf 88' lang='lat' dir='ltr'><strong>sanctis</strong></span> 
     </span>
     <span class='ocr_line' id='line_1_10' title="bbox 175 1270 1063 1369; baseline 0.005 -33"><span class='ocrx_word' id='word_1_48' title='bbox 175 1271 310 1342; x_wconf 90' lang='lat' dir='ltr'><strong>Pondus</strong></span> <span class='ocrx_word' id='word_1_49' title='bbox 323 1270 419 1340; x_wconf 88' lang='lat' dir='ltr'><strong>adest</strong></span> <span class='ocrx_word' id='word_1_50' title='bbox 429 1273 557 1357; x_wconf 90' lang='lat' dir='ltr'><strong>verbis,</strong></span> <span class='ocrx_word' id='word_1_51' title='bbox 571 1289 605 1340; x_wconf 92' lang='lat' dir='ltr'><strong>et</strong></span> <span class='ocrx_word' id='word_1_52' title='bbox 615 1298 734 1342; x_wconf 88' lang='lat' dir='ltr'><strong>vocem</strong></span> <span class='ocrx_word' id='word_1_53' title='bbox 746 1279 827 1342; x_wconf 87' lang='lat' dir='ltr'><strong>Fata</strong></span> <span class='ocrx_word' id='word_1_54' title='bbox 839 1280 1063 1369; x_wconf 87' lang='lat' dir='ltr'><strong>sequuntur):</strong></span> 
     </span>
    </p>
   </div>
   <div class='ocr_carea' id='block_1_6' title="bbox 137 1530 628 1604">
    <p class='ocr_par' dir='ltr' id='par_1_6' title="bbox 137 1530 628 1604">
     <span class='ocr_line' id='line_1_11' title="bbox 137 1530 628 1604; baseline 0.012 -26"><span class='ocrx_word' id='word_1_55' title='bbox 137 1542 199 1580; x_wconf 81' lang='lat' dir='ltr'><strong>erant</strong></span> <span class='ocrx_word' id='word_1_56' title='bbox 208 1547 309 1600; x_wconf 76' lang='lat' dir='ltr'><strong>genera</strong></span> <span class='ocrx_word' id='word_1_57' title='bbox 316 1530 427 1583; x_wconf 81' lang='lat' dir='ltr'><strong>deorum</strong></span> <span class='ocrx_word' id='word_1_58' title='bbox 435 1532 507 1604; x_wconf 90' lang='lat' dir='ltr'><strong>apud</strong></span> <span class='ocrx_word' id='word_1_59' title='bbox 515 1546 628 1586; x_wconf 88' lang='lat' dir='ltr'><strong>veteres:</strong></span> 
     </span>
    </p>
   </div>
   <div class='ocr_carea' id='block_1_7' title="bbox 713 1532 1183 1604">
    <p class='ocr_par' dir='ltr' id='par_1_7' title="bbox 713 1532 1183 1604">
     <span class='ocr_line' id='line_1_12' title="bbox 713 1532 1183 1604; baseline -0.006 -20"><span class='ocrx_word' id='word_1_60' title='bbox 713 1549 773 1602; x_wconf 83' lang='lat'><strong>209.</strong></span> <span class='ocrx_word' id='word_1_61' title='bbox 794 1534 897 1604; x_wconf 81' lang='lat' dir='ltr'><strong>Majorc</strong></span> <span class='ocrx_word' id='word_1_62' title='bbox 917 1551 1014 1585; x_wconf 84' lang='lat' dir='ltr'><strong>sereno.</strong></span> <span class='ocrx_word' id='word_1_63' title='bbox 1039 1532 1183 1584; x_wconf 87' lang='lat' dir='ltr'><strong>Serenitate</strong></span> 
     </span>
    </p>
   </div>
   <div class='ocr_carea' id='block_1_8' title="bbox 130 1605 1185 2075">
    <p class='ocr_par' dir='ltr' id='par_1_8' title="bbox 135 1605 1181 1762">
     <span class='ocr_line' id='line_1_13' title="bbox 136 1605 1181 1682; baseline 0.004 -26"><span class='ocrx_word' id='word_1_64' title='bbox 136 1605 170 1658; x_wconf 85' lang='lat' dir='ltr'><strong>alii</strong></span> <span class='ocrx_word' id='word_1_65' title='bbox 181 1610 252 1660; x_wconf 87' lang='lat' dir='ltr'><strong>enim</strong></span> <span class='ocrx_word' id='word_1_66' title='bbox 265 1609 372 1680; x_wconf 88' lang='lat' dir='ltr'><strong>plenam</strong></span> <span class='ocrx_word' id='word_1_67' title='bbox 382 1610 556 1681; x_wconf 83' lang='lat' dir='ltr'><strong>possidebant</strong></span> <span class='ocrx_word' id='word_1_68' title='bbox 567 1611 632 1662; x_wconf 86' lang='lat' dir='ltr'><strong>divi·</strong></span> <span class='ocrx_word' id='word_1_69' title='bbox 677 1611 814 1682; x_wconf 90' lang='lat' dir='ltr'><strong>ampliore.</strong></span> <span class='ocrx_word' id='word_1_70' title='bbox 833 1610 995 1663; x_wconf 87' lang='lat' dir='ltr'><strong>Claudianus</strong></span> <span class='ocrx_word' id='word_1_71' title='bbox 1004 1648 1012 1676; x_wconf 80' lang='lat'><strong><em>,</em></strong></span> <span class='ocrx_word' id='word_1_72' title='bbox 1021 1611 1095 1675; x_wconf 76' lang='lat' dir='ltr'><strong>vlu,</strong></span> <span class='ocrx_word' id='word_1_73' title='bbox 1112 1609 1181 1676; x_wconf 71' lang='lat'>483:</span> 
     </span>
     <span class='ocr_line' id='line_1_14' title="bbox 135 1687 1127 1762; baseline 0 -26"><span class='ocrx_word' id='word_1_74' title='bbox 135 1687 248 1753; x_wconf 86' lang='lat' dir='ltr'><strong>nitatem,</strong></span> <span class='ocrx_word' id='word_1_75' title='bbox 260 1690 403 1759; x_wconf 77' lang='lat' dir='ltr'><strong>magnique</strong></span> <span class='ocrx_word' id='word_1_76' title='bbox 415 1687 452 1740; x_wconf 90' lang='lat' dir='ltr'><strong>dii</strong></span> <span class='ocrx_word' id='word_1_77' title='bbox 463 1708 494 1740; x_wconf 88' lang='lat' dir='ltr'><strong>ac</strong></span> <span class='ocrx_word' id='word_1_78' title='bbox 506 1701 631 1761; x_wconf 89' lang='lat' dir='ltr'><strong>potentes</strong></span> <span class='ocrx_word' id='word_1_79' title='bbox 679 1714 691 1738; x_wconf 71' lang='grc' dir='ltr'><strong>α</strong></span> <span class='ocrx_word' id='word_1_80' title='bbox 701 1693 821 1762; x_wconf 87' lang='lat' dir='ltr'><strong>Risitque</strong></span> <span class='ocrx_word' id='word_1_81' title='bbox 832 1702 879 1741; x_wconf 90' lang='lat' dir='ltr'><strong>tuo</strong></span> <span class='ocrx_word' id='word_1_82' title='bbox 891 1703 988 1741; x_wconf 89' lang='lat' dir='ltr'><strong>natura</strong></span> <span class='ocrx_word' id='word_1_83' title='bbox 1001 1707 1104 1740; x_wconf 88' lang='lat' dir='ltr'><strong>sereno.</strong></span> <span class='ocrx_word' id='word_1_84' title='bbox 1116 1713 1127 1735; x_wconf 70' lang='lat' dir='ltr'><strong>n</strong></span> 
     </span>
    </p>

    <p class='ocr_par' dir='ltr' id='par_1_9' title="bbox 130 1766 1185 2075">
     <span class='ocr_line' id='line_1_15' title="bbox 134 1766 1184 1844; baseline 0.004 -29"><span class='ocrx_word' id='word_1_85' title='bbox 134 1777 154 1815; x_wconf 82' lang='lat' dir='ltr'><strong>tt</strong></span> <span class='ocrx_word' id='word_1_86' title='bbox 166 1766 333 1818; x_wconf 81' lang='lat' dir='ltr'><strong>&#39;immortales</strong></span> <span class='ocrx_word' id='word_1_87' title='bbox 347 1769 435 1819; x_wconf 83' lang='lat' dir='ltr'><strong>vocati</strong></span> <span class='ocrx_word' id='word_1_88' title='bbox 448 1788 455 1818; x_wconf 78' lang='lat' dir='ltr'><strong><em>z</em></strong></span> <span class='ocrx_word' id='word_1_89' title='bbox 473 1770 553 1819; x_wconf 90' lang='lat' dir='ltr'><strong>ceteri</strong></span> <span class='ocrx_word' id='word_1_90' title='bbox 567 1786 631 1819; x_wconf 87' lang='lat' dir='ltr'><strong>vero</strong></span> <span class='ocrx_word' id='word_1_91' title='bbox 713 1785 765 1820; x_wconf 83' lang='lat'><strong>210</strong></span> <span class='ocrx_word' id='word_1_92' title='bbox 774 1769 877 1819; x_wconf 84' lang='lat' dir='ltr'><strong>Arcano</strong></span> <span class='ocrx_word' id='word_1_93' title='bbox 879 1768 1007 1844; x_wconf 84' lang='lat' dir='ltr'><strong>florentes</strong></span> <span class='ocrx_word' id='word_1_94' title='bbox 1017 1766 1116 1818; x_wconf 84' lang='lat' dir='ltr'><strong>lumine</strong></span> <span class='ocrx_word' id='word_1_95' title='bbox 1123 1785 1184 1837; x_wconf 78' lang='lat' dir='ltr'><strong>pos-</strong></span> 
     </span>
     <span class='ocr_line' id='line_1_16' title="bbox 130 1840 1185 1917; baseline 0.003 -23"><span class='ocrx_word' id='word_1_96' title='bbox 130 1843 325 1914; x_wconf 75' lang='lat' dir='ltr'><strong>imperfeotam‚</strong></span> <span class='ocrx_word' id='word_1_97' title='bbox 341 1864 389 1898; x_wconf 85' lang='lat' dir='ltr'><strong>seu</strong></span> <span class='ocrx_word' id='word_1_98' title='bbox 404 1848 495 1917; x_wconf 89' lang='lat' dir='ltr'><strong>potius</strong></span> <span class='ocrx_word' id='word_1_99' title='bbox 510 1847 631 1899; x_wconf 88' lang='lat' dir='ltr'><strong>umbram</strong></span> <span class='ocrx_word' id='word_1_100' title='bbox 677 1858 720 1898; x_wconf 83' lang='lat' dir='ltr'><strong>tes.</strong></span> <span class='ocrx_word' id='word_1_101' title='bbox 736 1844 933 1897; x_wconf 81' lang='lat' dir='ltr'><strong>«Inenarrabili</strong></span> <span class='ocrx_word' id='word_1_102' title='bbox 944 1843 1076 1911; x_wconf 83' lang='lat' dir='ltr'><strong>verendo,</strong></span> <span class='ocrx_word' id='word_1_103' title='bbox 1087 1840 1101 1892; x_wconf 66' lang='grc' dir='ltr'><strong>η’</strong></span> <span class='ocrx_word' id='word_1_104' title='bbox 1112 1844 1185 1913; x_wconf 73' lang='lat' dir='ltr'><strong>glos-</strong></span> 
     </span>
     <span class='ocr_line' id='line_1_17' title="bbox 130 1919 1185 1996; baseline 0.003 -25"><span class='ocrx_word' id='word_1_105' title='bbox 130 1919 289 1991; x_wconf 72' lang='lat' dir='ltr'><strong>divinitatis,</strong></span> <span class='ocrx_word' id='word_1_106' title='bbox 310 1925 383 1995; x_wconf 87' lang='lat' dir='ltr'><strong>iique</strong></span> <span class='ocrx_word' id='word_1_107' title='bbox 405 1925 447 1976; x_wconf 85' lang='lat' dir='ltr'><strong>vel</strong></span> <span class='ocrx_word' id='word_1_108' title='bbox 469 1924 632 1977; x_wconf 89' lang='lat' dir='ltr'><strong>immortales</strong></span> <span class='ocrx_word' id='word_1_109' title='bbox 677 1922 1185 1996; x_wconf 74' lang='lat' dir='ltr'><strong>sagraplius.uArcanumlomen»,cu-</strong></span> 
     </span>
     <span class='ocr_line' id='line_1_18' title="bbox 131 2003 1183 2075; baseline 0.002 -24"><span class='ocrx_word' id='word_1_110' title='bbox 131 2003 283 2071; x_wconf 83' lang='lat' dir='ltr'><strong>existimati,</strong></span> <span class='ocrx_word' id='word_1_111' title='bbox 299 2017 330 2055; x_wconf 90' lang='lat' dir='ltr'><strong>ut</strong></span> <span class='ocrx_word' id='word_1_112' title='bbox 345 2006 432 2072; x_wconf 84' lang='lat' dir='ltr'><strong>venti,</strong></span> <span class='ocrx_word' id='word_1_113' title='bbox 450 2023 558 2073; x_wconf 78' lang='lat' dir='ltr'><strong>amnes,</strong></span> <span class='ocrx_word' id='word_1_114' title='bbox 575 2005 632 2057; x_wconf 90' lang='lat' dir='ltr'><strong>alii-</strong></span> <span class='ocrx_word' id='word_1_115' title='bbox 673 2006 718 2075; x_wconf 87' lang='lat' dir='ltr'><strong>jus</strong></span> <span class='ocrx_word' id='word_1_116' title='bbox 735 2005 802 2075; x_wconf 81' lang='lat' dir='ltr'><strong>ignis</strong></span> <span class='ocrx_word' id='word_1_117' title='bbox 819 2023 874 2055; x_wconf 91' lang='lat' dir='ltr'><strong>non</strong></span> <span class='ocrx_word' id='word_1_118' title='bbox 890 2017 974 2075; x_wconf 90' lang='lat' dir='ltr'><strong>paret.</strong></span> <span class='ocrx_word' id='word_1_119' title='bbox 994 2003 1035 2055; x_wconf 91' lang='lat' dir='ltr'><strong>Sic</strong></span> <span class='ocrx_word' id='word_1_120' title='bbox 1054 2003 1125 2054; x_wconf 88' lang='lat' dir='ltr'><strong>infra</strong></span> <span class='ocrx_word' id='word_1_121' title='bbox 1144 2004 1183 2070; x_wconf 84' lang='lat' dir='ltr'><strong>ll,</strong></span> 
     </span>
    </p>
   </div>
   <div class='ocr_carea' id='block_1_9' title="bbox 123 2083 636 3744">
    <p class='ocr_par' dir='ltr' id='par_1_10' title="bbox 128 2083 633 2455">
     <span class='ocr_line' id='line_1_19' title="bbox 130 2083 633 2159; baseline 0.008 -26"><span class='ocrx_word' id='word_1_122' title='bbox 130 2100 191 2153; x_wconf 87' lang='lat' dir='ltr'><strong>que;</strong></span> <span class='ocrx_word' id='word_1_123' title='bbox 203 2083 248 2136; x_wconf 88' lang='lat' dir='ltr'><strong>vel</strong></span> <span class='ocrx_word' id='word_1_124' title='bbox 263 2085 404 2150; x_wconf 82' lang='lat' dir='ltr'><strong>mortales,</strong></span> <span class='ocrx_word' id='word_1_125' title='bbox 419 2099 449 2137; x_wconf 90' lang='lat' dir='ltr'><strong>ut</strong></span> <span class='ocrx_word' id='word_1_126' title='bbox 462 2090 563 2152; x_wconf 78' lang='lat' dir='ltr'><strong>Panes,</strong></span> <span class='ocrx_word' id='word_1_127' title='bbox 578 2086 633 2159; x_wconf 72' lang='lat' dir='ltr'><strong>syl-</strong></span> 
     </span>
     <span class='ocr_line' id='line_1_20' title="bbox 129 2163 633 2237; baseline 0.014 -25"><span class='ocrx_word' id='word_1_128' title='bbox 129 2163 198 2229; x_wconf 81' lang='lat' dir='ltr'><strong>vani,</strong></span> <span class='ocrx_word' id='word_1_129' title='bbox 208 2163 307 2236; x_wconf 74' lang='lat' dir='ltr'><strong>Satyri,</strong></span> <span class='ocrx_word' id='word_1_130' title='bbox 317 2165 461 2237; x_wconf 76' lang='lat' dir='ltr'><strong>Nymphae,</strong></span> <span class='ocrx_word' id='word_1_131' title='bbox 469 2179 518 2218; x_wconf 90' lang='lat' dir='ltr'><strong>etc.</strong></span> <span class='ocrx_word' id='word_1_132' title='bbox 531 2185 633 2219; x_wconf 90' lang='lat' dir='ltr'><strong>ornnes·</strong></span> 
     </span>
     <span class='ocr_line' id='line_1_21' title="bbox 129 2242 631 2318; baseline 0.012 -26"><span class='ocrx_word' id='word_1_133' title='bbox 129 2257 175 2310; x_wconf 84' lang='lat' dir='ltr'><strong>que</strong></span> <span class='ocrx_word' id='word_1_134' title='bbox 190 2245 282 2294; x_wconf 85' lang='lat' dir='ltr'><strong>vocati</strong></span> <span class='ocrx_word' id='word_1_135' title='bbox 297 2242 419 2296; x_wconf 89' lang='lat' dir='ltr'><strong>Semidei.</strong></span> <span class='ocrx_word' id='word_1_136' title='bbox 433 2274 470 2284; x_wconf 92' lang='lat'>-</span> <span class='ocrx_word' id='word_1_137' title='bbox 487 2246 631 2318; x_wconf 72' lang='lat' dir='ltr'><strong>Vaporem.</strong></span> 
     </span>
     <span class='ocr_line' id='line_1_22' title="bbox 128 2322 632 2397; baseline 0.012 -25"><span class='ocrx_word' id='word_1_138' title='bbox 128 2322 191 2390; x_wconf 84' lang='lat' dir='ltr'><strong>Quia</strong></span> <span class='ocrx_word' id='word_1_139' title='bbox 199 2337 344 2394; x_wconf 87' lang='lat' dir='ltr'><strong>pertotum</strong></span> <span class='ocrx_word' id='word_1_140' title='bbox 352 2323 444 2377; x_wconf 89' lang='lat' dir='ltr'><strong>orbem</strong></span> <span class='ocrx_word' id='word_1_141' title='bbox 452 2325 632 2397; x_wconf 83' lang='lat' dir='ltr'><strong>dispersahoec</strong></span> 
     </span>
     <span class='ocr_line' id='line_1_23' title="bbox 128 2419 244 2455; baseline 0.034 -4"><span class='ocrx_word' id='word_1_142' title='bbox 128 2419 244 2455; x_wconf 81' lang='lat' dir='ltr'><strong>numina.</strong></span> 
     </span>
    </p>

    <p class='ocr_par' dir='ltr' id='par_1_11' title="bbox 123 2480 632 2949">
     <span class='ocr_line' id='line_1_24' title="bbox 162 2480 632 2558; baseline 0.011 -26"><span class='ocrx_word' id='word_1_143' title='bbox 162 2482 222 2533; x_wconf 84' lang='lat'><strong>206.</strong></span> <span class='ocrx_word' id='word_1_144' title='bbox 232 2480 349 2536; x_wconf 82' lang='lat' dir='ltr'><strong>Summis</strong></span> <span class='ocrx_word' id='word_1_145' title='bbox 358 2485 469 2558; x_wconf 72' lang='lat' dir='ltr'><strong>aequati.</strong></span> <span class='ocrx_word' id='word_1_146' title='bbox 480 2485 632 2539; x_wconf 88' lang='lat' dir='ltr'><strong>Secundum</strong></span> 
     </span>
     <span class='ocr_line' id='line_1_25' title="bbox 123 2557 632 2632; baseline 0.014 -24"><span class='ocrx_word' id='word_1_147' title='bbox 123 2557 293 2628; x_wconf 67' lang='lat' dir='ltr'><strong>tumetium,</strong></span> <span class='ocrx_word' id='word_1_148' title='bbox 308 2563 353 2632; x_wconf 87' lang='lat' dir='ltr'><strong>qui</strong></span> <span class='ocrx_word' id='word_1_149' title='bbox 365 2561 429 2614; x_wconf 90' lang='lat' dir='ltr'><strong>dicit</strong></span> <span class='ocrx_word' id='word_1_150' title='bbox 440 2582 472 2614; x_wconf 86' lang='lat' dir='ltr'><strong>ex</strong></span> <span class='ocrx_word' id='word_1_151' title='bbox 483 2563 568 2617; x_wconf 90' lang='lat' dir='ltr'><strong>udore</strong></span> <span class='ocrx_word' id='word_1_152' title='bbox 581 2578 632 2616; x_wconf 85' lang='lat' dir='ltr'><strong>ter·</strong></span> 
     </span>
     <span class='ocr_line' id='line_1_26' title="bbox 123 2639 632 2709; baseline 0.01 -20"><span class='ocrx_word' id='word_1_153' title='bbox 123 2646 159 2688; x_wconf 74' lang='lat' dir='ltr'><strong>‘re</strong></span> <span class='ocrx_word' id='word_1_154' title='bbox 178 2639 291 2691; x_wconf 86' lang='lat' dir='ltr'><strong>nebulas</strong></span> <span class='ocrx_word' id='word_1_155' title='bbox 313 2643 389 2709; x_wconf 84' lang='lat' dir='ltr'><strong>oriri,</strong></span> <span class='ocrx_word' id='word_1_156' title='bbox 409 2662 441 2694; x_wconf 89' lang='lat' dir='ltr'><strong>ex</strong></span> <span class='ocrx_word' id='word_1_157' title='bbox 458 2642 563 2694; x_wconf 89' lang='lat' dir='ltr'><strong>nebulis</strong></span> <span class='ocrx_word' id='word_1_158' title='bbox 582 2662 632 2694; x_wconf 90' lang='lat' dir='ltr'><strong>nu·</strong></span> 
     </span>
     <span class='ocr_line' id='line_1_27' title="bbox 125 2714 632 2793; baseline 0.014 -26"><span class='ocrx_word' id='word_1_159' title='bbox 125 2714 187 2785; x_wconf 83' lang='lat' dir='ltr'><strong>bes,</strong></span> <span class='ocrx_word' id='word_1_160' title='bbox 196 2731 224 2770; x_wconf 84' lang='lat' dir='ltr'><strong>et</strong></span> <span class='ocrx_word' id='word_1_161' title='bbox 234 2719 351 2772; x_wconf 89' lang='lat' dir='ltr'><strong>nubibus</strong></span> <span class='ocrx_word' id='word_1_162' title='bbox 361 2721 464 2792; x_wconf 89' lang='lat' dir='ltr'><strong>pluvias</strong></span> <span class='ocrx_word' id='word_1_163' title='bbox 475 2742 480 2771; x_wconf 93' lang='lat'>:</span> <span class='ocrx_word' id='word_1_164' title='bbox 495 2723 632 2793; x_wconf 88' lang='lat' dir='ltr'><strong>exquibus</strong></span> 
     </span>
     <span class='ocr_line' id='line_1_28' title="bbox 131 2802 632 2871; baseline 0.016 -25"><span class='ocrx_word' id='word_1_165' title='bbox 131 2814 218 2850; x_wconf 89' lang='lat' dir='ltr'><strong>amnes</strong></span> <span class='ocrx_word' id='word_1_166' title='bbox 240 2814 381 2870; x_wconf 76' lang='lat' dir='ltr'><strong>augentur.</strong></span> <span class='ocrx_word' id='word_1_167' title='bbox 395 2803 467 2871; x_wconf 80' lang='lat' dir='ltr'><strong>Virg.</strong></span> <span class='ocrx_word' id='word_1_168' title='bbox 484 2803 560 2866; x_wconf 83' lang='lat' dir='ltr'><strong>vlll,</strong></span> <span class='ocrx_word' id='word_1_169' title='bbox 580 2802 632 2869; x_wconf 73' lang='lat'><strong>64:</strong></span> 
     </span>
     <span class='ocr_line' id='line_1_29' title="bbox 133 2877 631 2949; baseline 0.004 -19"><span class='ocrx_word' id='word_1_170' title='bbox 133 2877 219 2930; x_wconf 76' lang='lat' dir='ltr'><strong>-caelo</strong></span> <span class='ocrx_word' id='word_1_171' title='bbox 237 2880 403 2949; x_wconf 77' lang='lat' dir='ltr'><strong>gratissimus</strong></span> <span class='ocrx_word' id='word_1_172' title='bbox 419 2881 535 2933; x_wconf 72' lang='lat' dir='ltr'><strong>amnis.»</strong></span> <span class='ocrx_word' id='word_1_173' title='bbox 554 2882 631 2932; x_wconf 75' lang='lat' dir='ltr'><strong>Ltor.</strong></span> 
     </span>
    </p>

    <p class='ocr_par' dir='ltr' id='par_1_12' title="bbox 132 2959 634 3102">
     <span class='ocr_line' id='line_1_30' title="bbox 163 2959 634 3026; baseline 0.008 -18"><span class='ocrx_word' id='word_1_174' title='bbox 163 2973 224 3026; x_wconf 80' lang='lat'>207.</span> <span class='ocrx_word' id='word_1_175' title='bbox 247 2960 331 3009; x_wconf 84' lang='lat' dir='ltr'><strong>Metu.</strong></span> <span class='ocrx_word' id='word_1_176' title='bbox 353 2959 384 3010; x_wconf 92' lang='lat' dir='ltr'><strong>ld</strong></span> <span class='ocrx_word' id='word_1_177' title='bbox 407 2973 465 3025; x_wconf 84' lang='lat' dir='ltr'><strong>est,</strong></span> <span class='ocrx_word' id='word_1_178' title='bbox 487 2963 634 3012; x_wconf 88' lang='lat' dir='ltr'><strong>reverentia</strong></span> 
     </span>
     <span class='ocr_line' id='line_1_31' title="bbox 132 3034 476 3102; baseline 0.02 -20"><span class='ocrx_word' id='word_1_179' title='bbox 132 3034 250 3102; x_wconf 76' lang='lat' dir='ltr'><strong>ennodii,</strong></span> <span class='ocrx_word' id='word_1_180' title='bbox 262 3054 309 3087; x_wconf 90' lang='lat' dir='ltr'><strong>seu</strong></span> <span class='ocrx_word' id='word_1_181' title='bbox 321 3051 476 3091; x_wconf 84' lang='lat' dir='ltr'><strong>conventus.</strong></span> 
     </span>
    </p>

    <p class='ocr_par' dir='ltr' id='par_1_13' title="bbox 133 3115 636 3744">
     <span class='ocr_line' id='line_1_32' title="bbox 164 3115 633 3190; baseline 0.013 -26"><span class='ocrx_word' id='word_1_182' title='bbox 164 3115 224 3166; x_wconf 83' lang='lat'><strong>208.</strong></span> <span class='ocrx_word' id='word_1_183' title='bbox 239 3115 327 3167; x_wconf 82' lang='lat' dir='ltr'><strong>Aurea</strong></span> <span class='ocrx_word' id='word_1_184' title='bbox 342 3127 408 3168; x_wconf 85' lang='lat' dir='ltr'><strong>tecta</strong></span> <span class='ocrx_word' id='word_1_185' title='bbox 422 3117 531 3190; x_wconf 81' lang='lat' dir='ltr'><strong>replent.</strong></span> <span class='ocrx_word' id='word_1_186' title='bbox 546 3117 633 3170; x_wconf 82' lang='lat' dir='ltr'><strong>Aurea</strong></span> 
     </span>
     <span class='ocr_line' id='line_1_33' title="bbox 133 3194 634 3270; baseline 0.018 -27"><span class='ocrx_word' id='word_1_187' title='bbox 133 3194 239 3266; x_wconf 82' lang='lat' dir='ltr'><strong>templa,</strong></span> <span class='ocrx_word' id='word_1_188' title='bbox 252 3199 427 3268; x_wconf 83' lang='lat' dir='ltr'><strong>perantiquus</strong></span> <span class='ocrx_word' id='word_1_189' title='bbox 437 3201 634 3270; x_wconf 84' lang='lat' dir='ltr'><strong>manuscriptus</strong></span> 
     </span>
     <span class='ocr_line' id='line_1_34' title="bbox 133 3272 633 3349; baseline 0.016 -27"><span class='ocrx_word' id='word_1_190' title='bbox 133 3272 248 3343; x_wconf 69' lang='lat' dir='ltr'><strong>barthii,</strong></span> <span class='ocrx_word' id='word_1_191' title='bbox 266 3276 374 3328; x_wconf 89' lang='lat' dir='ltr'><strong>Taurin.</strong></span> <span class='ocrx_word' id='word_1_192' title='bbox 395 3280 511 3349; x_wconf 91' lang='lat' dir='ltr'><strong>Lipsian.</strong></span> <span class='ocrx_word' id='word_1_193' title='bbox 533 3279 633 3331; x_wconf 91' lang='lat' dir='ltr'><strong>Buslid.</strong></span> 
     </span>
     <span class='ocr_line' id='line_1_35' title="bbox 134 3349 634 3421; baseline 0.018 -21"><span class='ocrx_word' id='word_1_194' title='bbox 134 3349 210 3421; x_wconf 80' lang='lat' dir='ltr'><strong>lang.</strong></span> <span class='ocrx_word' id='word_1_195' title='bbox 228 3352 308 3405; x_wconf 91' lang='lat' dir='ltr'><strong>Laur.</strong></span> <span class='ocrx_word' id='word_1_196' title='bbox 323 3355 428 3406; x_wconf 84' lang='lat' dir='ltr'><strong>Venett.</strong></span> <span class='ocrx_word' id='word_1_197' title='bbox 446 3356 526 3409; x_wconf 87' lang='lat' dir='ltr'><strong>Aldd.</strong></span> <span class='ocrx_word' id='word_1_198' title='bbox 547 3356 634 3409; x_wconf 89' lang='lat' dir='ltr'><strong>Colin.</strong></span> 
     </span>
     <span class='ocr_line' id='line_1_36' title="bbox 134 3426 633 3503; baseline 0.02 -25"><span class='ocrx_word' id='word_1_199' title='bbox 134 3426 230 3501; x_wconf 75' lang='lat' dir='ltr'><strong>Grypb</strong></span> <span class='ocrx_word' id='word_1_200' title='bbox 237 3431 315 3485; x_wconf 91' lang='lat' dir='ltr'><strong>Basil.</strong></span> <span class='ocrx_word' id='word_1_201' title='bbox 324 3447 350 3484; x_wconf 92' lang='lat' dir='ltr'><strong>et</strong></span> <span class='ocrx_word' id='word_1_202' title='bbox 360 3434 446 3487; x_wconf 88' lang='lat' dir='ltr'><strong>Plant.</strong></span> <span class='ocrx_word' id='word_1_203' title='bbox 455 3435 544 3489; x_wconf 82' lang='lat' dir='ltr'><strong>Aurea</strong></span> <span class='ocrx_word' id='word_1_204' title='bbox 553 3448 633 3503; x_wconf 82' lang='lat' dir='ltr'><strong>tecta,</strong></span> 
     </span>
     <span class='ocr_line' id='line_1_37' title="bbox 135 3504 634 3584; baseline 0.022 -28"><span class='ocrx_word' id='word_1_205' title='bbox 135 3504 634 3584; x_wconf 73' lang='lat' dir='ltr'><strong>BehotunusLindenbrog.etPetrens.</strong></span> 
     </span>
     <span class='ocr_line' id='line_1_38' title="bbox 135 3588 635 3647; baseline 0.022 -12"><span class='ocrx_word' id='word_1_206' title='bbox 135 3599 156 3637; x_wconf 85' lang='lat' dir='ltr'><strong>et</strong></span> <span class='ocrx_word' id='word_1_207' title='bbox 166 3588 205 3640; x_wconf 87' lang='lat' dir='ltr'><strong>sic</strong></span> <span class='ocrx_word' id='word_1_208' title='bbox 218 3588 325 3642; x_wconf 86' lang='lat' dir='ltr'><strong>edidere</strong></span> <span class='ocrx_word' id='word_1_209' title='bbox 335 3594 404 3643; x_wconf 83' lang='lat' dir='ltr'><strong>Dan.</strong></span> <span class='ocrx_word' id='word_1_210' title='bbox 414 3595 504 3644; x_wconf 88' lang='lat' dir='ltr'><strong>Heius.</strong></span> <span class='ocrx_word' id='word_1_211' title='bbox 516 3595 635 3647; x_wconf 88' lang='lat' dir='ltr'><strong>Gronov.</strong></span> 
     </span>
     <span class='ocr_line' id='line_1_39' title="bbox 136 3665 636 3744; baseline 0.02 -27"><span class='ocrx_word' id='word_1_212' title='bbox 136 3665 212 3721; x_wconf 82' lang='lat' dir='ltr'><strong>Veen.</strong></span> <span class='ocrx_word' id='word_1_213' title='bbox 221 3671 319 3743; x_wconf 82' lang='lat' dir='ltr'><strong>Delpli.</strong></span> <span class='ocrx_word' id='word_1_214' title='bbox 332 3688 382 3725; x_wconf 89' lang='lat' dir='ltr'><strong>etc.</strong></span> <span class='ocrx_word' id='word_1_215' title='bbox 393 3675 470 3727; x_wconf 84' lang='lat' dir='ltr'><strong>mista</strong></span> <span class='ocrx_word' id='word_1_216' title='bbox 479 3693 528 3744; x_wconf 90' lang='lat' dir='ltr'><strong>pro</strong></span> <span class='ocrx_word' id='word_1_217' title='bbox 538 3675 621 3727; x_wconf 85' lang='lat' dir='ltr'><strong>mixta</strong></span> <span class='ocrx_word' id='word_1_218' title='bbox 626 3715 636 3743; x_wconf 90' lang='lat'><em>,</em></span> 
     </span>
    </p>
   </div>
   <div class='ocr_carea' id='block_1_10' title="bbox 676 2083 1188 3741">
    <p class='ocr_par' dir='ltr' id='par_1_14' title="bbox 676 2083 1185 2789">
     <span class='ocr_line' id='line_1_40' title="bbox 679 2083 1184 2154; baseline -0.012 -17"><span class='ocrx_word' id='word_1_219' title='bbox 679 2084 744 2154; x_wconf 86' lang='lat'><strong>276:</strong></span> <span class='ocrx_word' id='word_1_220' title='bbox 761 2085 888 2136; x_wconf 81' lang='lat' dir='ltr'><strong>uArcano</strong></span> <span class='ocrx_word' id='word_1_221' title='bbox 902 2083 1027 2135; x_wconf 77' lang='lat' dir='ltr'><strong>florentes</strong></span> <span class='ocrx_word' id='word_1_222' title='bbox 1039 2084 1099 2151; x_wconf 81' lang='lat' dir='ltr'><strong>igne</strong></span> <span class='ocrx_word' id='word_1_223' title='bbox 1112 2099 1184 2132; x_wconf 90' lang='lat' dir='ltr'><strong>sma-</strong></span> 
     </span>
     <span class='ocr_line' id='line_1_41' title="bbox 676 2161 1184 2234; baseline -0.01 -18"><span class='ocrx_word' id='word_1_224' title='bbox 676 2163 782 2234; x_wconf 75' lang='lat' dir='ltr'><strong>ragdos.</strong></span> <span class='ocrx_word' id='word_1_225' title='bbox 794 2166 953 2216; x_wconf 81' lang='lat' dir='ltr'><strong>»-Postes.</strong></span> <span class='ocrx_word' id='word_1_226' title='bbox 965 2161 1184 2213; x_wconf 87' lang='lat' dir='ltr'><strong>Domiciliaenim</strong></span> 
     </span>
     <span class='ocr_line' id='line_1_42' title="bbox 677 2242 1184 2298; baseline -0.01 -1"><span class='ocrx_word' id='word_1_227' title='bbox 677 2248 759 2298; x_wconf 89' lang='lat' dir='ltr'><strong>instar</strong></span> <span class='ocrx_word' id='word_1_228' title='bbox 770 2265 853 2298; x_wconf 87' lang='lat' dir='ltr'><strong>manu</strong></span> <span class='ocrx_word' id='word_1_229' title='bbox 865 2257 1060 2296; x_wconf 85' lang='lat' dir='ltr'><strong>exstructorum</strong></span> <span class='ocrx_word' id='word_1_230' title='bbox 1076 2244 1103 2295; x_wconf 89' lang='lat' dir='ltr'><strong>in</strong></span> <span class='ocrx_word' id='word_1_231' title='bbox 1121 2242 1184 2294; x_wconf 84' lang='lat' dir='ltr'><strong>caelo</strong></span> 
     </span>
     <span class='ocr_line' id='line_1_43' title="bbox 677 2323 1184 2396; baseline -0.006 -20"><span class='ocrx_word' id='word_1_232' title='bbox 677 2325 814 2396; x_wconf 79' lang='lat' dir='ltr'><strong>fingebant</strong></span> <span class='ocrx_word' id='word_1_233' title='bbox 827 2340 921 2396; x_wconf 86' lang='lat' dir='ltr'><strong>poetae.</strong></span> <span class='ocrx_word' id='word_1_234' title='bbox 936 2323 1065 2388; x_wconf 84' lang='lat' dir='ltr'><strong>Ovidius,</strong></span> <span class='ocrx_word' id='word_1_235' title='bbox 1080 2324 1143 2374; x_wconf 87' lang='lat' dir='ltr'><strong>Met.</strong></span> <span class='ocrx_word' id='word_1_236' title='bbox 1156 2325 1184 2387; x_wconf 83' lang='grc' dir='ltr'><strong>Ι,</strong></span> 
     </span>
     <span class='ocr_line' id='line_1_44' title="bbox 681 2401 1185 2477; baseline -0.006 -22"><span class='ocrx_word' id='word_1_237' title='bbox 681 2422 726 2475; x_wconf 88' lang='lat'><strong>¹7¹</strong></span> <span class='ocrx_word' id='word_1_238' title='bbox 738 2417 765 2455; x_wconf 91' lang='lat' dir='ltr'><strong>et</strong></span> <span class='ocrx_word' id='word_1_239' title='bbox 777 2423 850 2477; x_wconf 90' lang='lat' dir='ltr'><strong>seqq.</strong></span> <span class='ocrx_word' id='word_1_240' title='bbox 862 2428 872 2450; x_wconf 85' lang='lat' dir='ltr'><em>u</em></span> <span class='ocrx_word' id='word_1_241' title='bbox 883 2407 981 2456; x_wconf 83' lang='lat' dir='ltr'><strong>Dextra</strong></span> <span class='ocrx_word' id='word_1_242' title='bbox 990 2401 1107 2472; x_wconf 83' lang='lat' dir='ltr'><strong>laevaque</strong></span> <span class='ocrx_word' id='word_1_243' title='bbox 1115 2403 1185 2453; x_wconf 89' lang='lat' dir='ltr'><strong>Deo·</strong></span> 
     </span>
     <span class='ocr_line' id='line_1_45' title="bbox 677 2480 1184 2534; baseline -0.002 -2"><span class='ocrx_word' id='word_1_244' title='bbox 677 2502 736 2534; x_wconf 83' lang='lat' dir='ltr'><strong>rum</strong></span> <span class='ocrx_word' id='word_1_245' title='bbox 744 2480 1184 2534; x_wconf 86' lang='lat' dir='ltr'><strong>Atrianobiliumvalviscelebran-</strong></span> 
     </span>
     <span class='ocr_line' id='line_1_46' title="bbox 677 2560 1184 2635; baseline 0 -23"><span class='ocrx_word' id='word_1_246' title='bbox 677 2572 722 2614; x_wconf 81' lang='lat' dir='ltr'><strong>tur</strong></span> <span class='ocrx_word' id='word_1_247' title='bbox 737 2564 845 2635; x_wconf 86' lang='lat' dir='ltr'><strong>apertis.</strong></span> <span class='ocrx_word' id='word_1_248' title='bbox 862 2562 939 2614; x_wconf 90' lang='lat' dir='ltr'><strong>Plebs</strong></span> <span class='ocrx_word' id='word_1_249' title='bbox 958 2560 1062 2613; x_wconf 89' lang='lat' dir='ltr'><strong>habitat</strong></span> <span class='ocrx_word' id='word_1_250' title='bbox 1080 2561 1184 2613; x_wconf 86' lang='lat' dir='ltr'><strong>diversa</strong></span> 
     </span>
     <span class='ocr_line' id='line_1_47' title="bbox 677 2639 1185 2712; baseline -0.002 -20"><span class='ocrx_word' id='word_1_251' title='bbox 677 2642 759 2704; x_wconf 80' lang='lat' dir='ltr'><strong>locis3</strong></span> <span class='ocrx_word' id='word_1_252' title='bbox 778 2661 794 2694; x_wconf 88' lang='lat' dir='ltr'><strong>a</strong></span> <span class='ocrx_word' id='word_1_253' title='bbox 811 2644 900 2695; x_wconf 87' lang='lat' dir='ltr'><strong>fronte</strong></span> <span class='ocrx_word' id='word_1_254' title='bbox 916 2654 1040 2712; x_wconf 86' lang='lat' dir='ltr'><strong>potentes</strong></span> <span class='ocrx_word' id='word_1_255' title='bbox 1057 2639 1185 2693; x_wconf 82' lang='lat' dir='ltr'><strong>Caelicolae</strong></span> 
     </span>
     <span class='ocr_line' id='line_1_48' title="bbox 679 2719 1182 2789; baseline -0.008 -19"><span class='ocrx_word' id='word_1_256' title='bbox 679 2719 795 2789; x_wconf 84' lang='lat' dir='ltr'><strong>clarique</strong></span> <span class='ocrx_word' id='word_1_257' title='bbox 816 2737 879 2771; x_wconf 92' lang='lat' dir='ltr'><strong>suos</strong></span> <span class='ocrx_word' id='word_1_258' title='bbox 902 2736 1017 2788; x_wconf 88' lang='lat' dir='ltr'><strong>posuere</strong></span> <span class='ocrx_word' id='word_1_259' title='bbox 1039 2731 1182 2786; x_wconf 67' lang='lat' dir='ltr'><strong>penates„</strong></span> 
     </span>
    </p>

    <p class='ocr_par' dir='ltr' id='par_1_15' title="bbox 678 2792 1188 3741">
     <span class='ocr_line' id='line_1_49' title="bbox 716 2792 1186 2864; baseline -0.009 -16"><span class='ocrx_word' id='word_1_260' title='bbox 716 2798 774 2849; x_wconf 84' lang='lat'><strong>213.</strong></span> <span class='ocrx_word' id='word_1_261' title='bbox 786 2795 903 2848; x_wconf 79' lang='lat' dir='ltr'><strong>Pondus.</strong></span> <span class='ocrx_word' id='word_1_262' title='bbox 911 2796 973 2844; x_wconf 89' lang='lat' dir='ltr'><strong>Non</strong></span> <span class='ocrx_word' id='word_1_263' title='bbox 984 2793 1069 2844; x_wconf 89' lang='lat' dir='ltr'><strong>solum</strong></span> <span class='ocrx_word' id='word_1_264' title='bbox 1080 2792 1186 2864; x_wconf 92' lang='lat' dir='ltr'><strong>pondus</strong></span> 
     </span>
     <span class='ocr_line' id='line_1_50' title="bbox 679 2871 1184 2947; baseline -0.012 -18"><span class='ocrx_word' id='word_1_265' title='bbox 679 2879 791 2930; x_wconf 86' lang='lat' dir='ltr'><strong>sumitur</strong></span> <span class='ocrx_word' id='word_1_266' title='bbox 804 2894 855 2947; x_wconf 91' lang='lat' dir='ltr'><strong>pro</strong></span> <span class='ocrx_word' id='word_1_267' title='bbox 870 2894 898 2927; x_wconf 87' lang='lat' dir='ltr'><strong>re</strong></span> <span class='ocrx_word' id='word_1_268' title='bbox 913 2874 1002 2946; x_wconf 73' lang='lat' dir='ltr'><strong>gravi,</strong></span> <span class='ocrx_word' id='word_1_269' title='bbox 1016 2886 1045 2923; x_wconf 94' lang='lat' dir='ltr'><strong>ut</strong></span> <span class='ocrx_word' id='word_1_270' title='bbox 1060 2871 1120 2939; x_wconf 82' lang='lat' dir='ltr'><strong>hic,</strong></span> <span class='ocrx_word' id='word_1_271' title='bbox 1138 2872 1184 2924; x_wconf 90' lang='lat' dir='ltr'><strong>sed</strong></span> 
     </span>
     <span class='ocr_line' id='line_1_51' title="bbox 678 2953 1186 3029; baseline -0.012 -21"><span class='ocrx_word' id='word_1_272' title='bbox 678 2976 729 3029; x_wconf 90' lang='lat' dir='ltr'><strong>pro</strong></span> <span class='ocrx_word' id='word_1_273' title='bbox 753 2956 880 3027; x_wconf 75' lang='lat' dir='ltr'><strong>dignitate</strong></span> <span class='ocrx_word' id='word_1_274' title='bbox 891 2993 899 3021; x_wconf 88' lang='lat'>,</span> <span class='ocrx_word' id='word_1_275' title='bbox 909 2958 913 2967; x_wconf 91' lang='lat'>&#39;</span> <span class='ocrx_word' id='word_1_276' title='bbox 923 2953 1137 3019; x_wconf 82' lang='lat' dir='ltr'><strong>existimatione,</strong></span> <span class='ocrx_word' id='word_1_277' title='bbox 1160 2964 1186 3003; x_wconf 92' lang='lat' dir='ltr'><strong>et</strong></span> 
     </span>
     <span class='ocr_line' id='line_1_52' title="bbox 680 3032 1186 3105; baseline -0.016 -16"><span class='ocrx_word' id='word_1_278' title='bbox 680 3040 853 3102; x_wconf 80' lang='lat' dir='ltr'><strong>auctoritate,</strong></span> <span class='ocrx_word' id='word_1_279' title='bbox 872 3047 902 3087; x_wconf 90' lang='lat' dir='ltr'><strong>ut</strong></span> <span class='ocrx_word' id='word_1_280' title='bbox 922 3032 995 3105; x_wconf 85' lang='lat' dir='ltr'><strong>apud</strong></span> <span class='ocrx_word' id='word_1_281' title='bbox 1014 3034 1186 3098; x_wconf 86' lang='lat' dir='ltr'><strong>Ciceronem,</strong></span> 
     </span>
     <span class='ocr_line' id='line_1_53' title="bbox 678 3112 1186 3188; baseline -0.01 -20"><span class='ocrx_word' id='word_1_282' title='bbox 678 3117 781 3188; x_wconf 82' lang='lat' dir='ltr'><strong>pondus</strong></span> <span class='ocrx_word' id='word_1_283' title='bbox 792 3115 952 3179; x_wconf 82' lang='lat' dir='ltr'><strong>testimonii,</strong></span> <span class='ocrx_word' id='word_1_284' title='bbox 963 3114 1080 3186; x_wconf 82' lang='lat' dir='ltr'><strong>pondera</strong></span> <span class='ocrx_word' id='word_1_285' title='bbox 1092 3112 1186 3164; x_wconf 88' lang='lat' dir='ltr'><strong>verbo·</strong></span> 
     </span>
     <span class='ocr_line' id='line_1_54' title="bbox 679 3192 1188 3264; baseline -0.012 -16"><span class='ocrx_word' id='word_1_286' title='bbox 679 3214 747 3248; x_wconf 87' lang='lat' dir='ltr'><strong>rum.</strong></span> <span class='ocrx_word' id='word_1_287' title='bbox 753 3225 790 3233; x_wconf 94' lang='lat'>-</span> <span class='ocrx_word' id='word_1_288' title='bbox 796 3193 824 3246; x_wconf 92' lang='lat' dir='ltr'><em>V</em></span> <span class='ocrx_word' id='word_1_289' title='bbox 826 3212 898 3245; x_wconf 85' lang='lat' dir='ltr'><strong>ocem</strong></span> <span class='ocrx_word' id='word_1_290' title='bbox 900 3193 963 3264; x_wconf 80' lang='lat' dir='ltr'><strong>fata</strong></span> <span class='ocrx_word' id='word_1_291' title='bbox 971 3203 1120 3264; x_wconf 83' lang='lat' dir='ltr'><strong>sequuntur.</strong></span> <span class='ocrx_word' id='word_1_292' title='bbox 1129 3192 1188 3242; x_wconf 85' lang='lat' dir='ltr'><strong>Exi-</strong></span> 
     </span>
     <span class='ocr_line' id='line_1_55' title="bbox 679 3270 1186 3344; baseline -0.01 -18"><span class='ocrx_word' id='word_1_293' title='bbox 679 3276 748 3342; x_wconf 83' lang='lat' dir='ltr'><strong>mie‚</strong></span> <span class='ocrx_word' id='word_1_294' title='bbox 766 3276 788 3326; x_wconf 91' lang='lat' dir='ltr'><strong>si</strong></span> <span class='ocrx_word' id='word_1_295' title='bbox 807 3271 954 3344; x_wconf 86' lang='lat' dir='ltr'><strong>quidquam</strong></span> <span class='ocrx_word' id='word_1_296' title='bbox 972 3273 1000 3324; x_wconf 88' lang='lat' dir='ltr'><strong>in</strong></span> <span class='ocrx_word' id='word_1_297' title='bbox 1016 3270 1070 3322; x_wconf 87' lang='lat' dir='ltr'><strong>hoe</strong></span> <span class='ocrx_word' id='word_1_298' title='bbox 1086 3290 1186 3341; x_wconf 87' lang='lat' dir='ltr'><strong>opere:</strong></span> 
     </span>
     <span class='ocr_line' id='line_1_56' title="bbox 680 3352 1188 3406; baseline -0.008 0"><span class='ocrx_word' id='word_1_299' title='bbox 680 3354 789 3406; x_wconf 90' lang='lat' dir='ltr'><strong>damnat</strong></span> <span class='ocrx_word' id='word_1_300' title='bbox 812 3356 883 3404; x_wconf 87' lang='lat' dir='ltr'><strong>enim</strong></span> <span class='ocrx_word' id='word_1_301' title='bbox 903 3352 1000 3403; x_wconf 88' lang='lat' dir='ltr'><strong>diserte</strong></span> <span class='ocrx_word' id='word_1_302' title='bbox 1023 3363 1141 3403; x_wconf 87' lang='lat' dir='ltr'><strong>veterum</strong></span> <span class='ocrx_word' id='word_1_303' title='bbox 1161 3364 1188 3402; x_wconf 92' lang='lat' dir='ltr'><strong>et</strong></span> 
     </span>
     <span class='ocr_line' id='line_1_57' title="bbox 681 3429 1187 3495; baseline -0.01 -10"><span class='ocrx_word' id='word_1_304' title='bbox 681 3433 828 3486; x_wconf 86' lang='lat' dir='ltr'><strong>Stoicorum</strong></span> <span class='ocrx_word' id='word_1_305' title='bbox 846 3432 1021 3495; x_wconf 79' lang='lat' dir='ltr'><strong>sententiam,</strong></span> <span class='ocrx_word' id='word_1_306' title='bbox 1043 3429 1187 3481; x_wconf 87' lang='lat' dir='ltr'><strong>dicentium</strong></span> 
     </span>
     <span class='ocr_line' id='line_1_58' title="bbox 680 3507 1188 3579; baseline -0.008 -16"><span class='ocrx_word' id='word_1_307' title='bbox 680 3513 766 3563; x_wconf 89' lang='lat' dir='ltr'><strong>Deum</strong></span> <span class='ocrx_word' id='word_1_308' title='bbox 777 3512 856 3563; x_wconf 89' lang='lat' dir='ltr'><strong>etiam</strong></span> <span class='ocrx_word' id='word_1_309' title='bbox 865 3509 922 3560; x_wconf 83' lang='lat' dir='ltr'><strong>fato</strong></span> <span class='ocrx_word' id='word_1_310' title='bbox 933 3508 1042 3577; x_wconf 80' lang='lat' dir='ltr'><strong>subjici3</strong></span> <span class='ocrx_word' id='word_1_311' title='bbox 1052 3526 1134 3579; x_wconf 88' lang='lat' dir='ltr'><strong>quum</strong></span> <span class='ocrx_word' id='word_1_312' title='bbox 1143 3507 1188 3559; x_wconf 92' lang='lat' dir='ltr'><strong>ille</strong></span> 
     </span>
     <span class='ocr_line' id='line_1_59' title="bbox 682 3586 1188 3653; baseline -0.01 -10"><span class='ocrx_word' id='word_1_313' title='bbox 682 3593 715 3643; x_wconf 90' lang='lat' dir='ltr'><strong>sit</strong></span> <span class='ocrx_word' id='word_1_314' title='bbox 729 3591 894 3653; x_wconf 89' lang='lat' dir='ltr'><strong>liberrimus;</strong></span> <span class='ocrx_word' id='word_1_315' title='bbox 910 3606 958 3639; x_wconf 88' lang='lat' dir='ltr'><strong>nee</strong></span> <span class='ocrx_word' id='word_1_316' title='bbox 974 3588 1058 3638; x_wconf 85' lang='lat' dir='ltr'><strong>fatum</strong></span> <span class='ocrx_word' id='word_1_317' title='bbox 1071 3586 1142 3638; x_wconf 89' lang='lat' dir='ltr'><strong>aliud</strong></span> <span class='ocrx_word' id='word_1_318' title='bbox 1154 3589 1188 3639; x_wconf 93' lang='lat' dir='ltr'><strong>sit</strong></span> 
     </span>
     <span class='ocr_line' id='line_1_60' title="bbox 682 3669 1188 3741; baseline -0.014 -16"><span class='ocrx_word' id='word_1_319' title='bbox 682 3692 714 3724; x_wconf 83' lang='lat' dir='ltr'><strong>ex</strong></span> <span class='ocrx_word' id='word_1_320' title='bbox 724 3673 748 3724; x_wconf 91' lang='lat' dir='ltr'><strong>S.</strong></span> <span class='ocrx_word' id='word_1_321' title='bbox 758 3671 908 3741; x_wconf 76' lang='lat' dir='ltr'><strong>Augustino</strong></span> <span class='ocrx_word' id='word_1_322' title='bbox 920 3687 999 3740; x_wconf 89' lang='lat' dir='ltr'><strong>qnam</strong></span> <span class='ocrx_word' id='word_1_323' title='bbox 1013 3690 1024 3714; x_wconf 79' lang='grc' dir='ltr'><strong><em>α</em></strong></span> <span class='ocrx_word' id='word_1_324' title='bbox 1035 3669 1151 3733; x_wconf 81' lang='lat' dir='ltr'><strong>sanctio,</strong></span> <span class='ocrx_word' id='word_1_325' title='bbox 1162 3680 1188 3719; x_wconf 90' lang='lat' dir='ltr'><strong>et</strong></span> 
     </span>
    </p>
   </div>
   <div class='ocr_carea' id='block_1_11' title="bbox 136 3746 1188 4137">
    <p class='ocr_par' dir='ltr' id='par_1_16' title="bbox 136 3746 1188 4137">
     <span class='ocr_line' id='line_1_61' title="bbox 136 3746 1188 3826; baseline -0.001 -29"><span class='ocrx_word' id='word_1_326' title='bbox 136 3746 238 3799; x_wconf 85' lang='lat' dir='ltr'><strong>Tauria.</strong></span> <span class='ocrx_word' id='word_1_327' title='bbox 255 3763 285 3800; x_wconf 92' lang='lat' dir='ltr'><strong>ut</strong></span> <span class='ocrx_word' id='word_1_328' title='bbox 301 3770 382 3821; x_wconf 86' lang='lat' dir='ltr'><strong>supra</strong></span> <span class='ocrx_word' id='word_1_329' title='bbox 393 3755 467 3824; x_wconf 84' lang='lat' dir='ltr'><strong>justa</strong></span> <span class='ocrx_word' id='word_1_330' title='bbox 485 3773 535 3825; x_wconf 91' lang='lat' dir='ltr'><strong>pro</strong></span> <span class='ocrx_word' id='word_1_331' title='bbox 547 3757 635 3826; x_wconf 83' lang='lat' dir='ltr'><strong>juxta.</strong></span> <span class='ocrx_word' id='word_1_332' title='bbox 681 3750 753 3802; x_wconf 86' lang='lat' dir='ltr'><strong>velut</strong></span> <span class='ocrx_word' id='word_1_333' title='bbox 765 3768 816 3801; x_wconf 83' lang='lat' dir='ltr'><strong>vox</strong></span> <span class='ocrx_word' id='word_1_334' title='bbox 828 3748 920 3799; x_wconf 83' lang='lat' dir='ltr'><strong>divinae</strong></span> <span class='ocrx_word' id='word_1_335' title='bbox 932 3748 1059 3798; x_wconf 81' lang='lat' dir='ltr'><strong>mentis.»</strong></span> <span class='ocrx_word' id='word_1_336' title='bbox 1074 3748 1102 3797; x_wconf 93' lang='lat' dir='ltr'><strong>In</strong></span> <span class='ocrx_word' id='word_1_337' title='bbox 1117 3764 1188 3797; x_wconf 86' lang='lat' dir='ltr'><strong>eam·</strong></span> 
     </span>
     <span class='ocr_line' id='line_1_62' title="bbox 137 3822 1186 3898; baseline -0.01 -15"><span class='ocrx_word' id='word_1_338' title='bbox 137 3829 253 3898; x_wconf 75' lang='lat' dir='ltr'><strong>-Regg.</strong></span> <span class='ocrx_word' id='word_1_339' title='bbox 266 3832 287 3881; x_wconf 90' lang='lat' dir='ltr'>B</span> <span class='ocrx_word' id='word_1_340' title='bbox 299 3843 325 3881; x_wconf 91' lang='lat' dir='ltr'><strong>et</strong></span> <span class='ocrx_word' id='word_1_341' title='bbox 337 3831 370 3897; x_wconf 82' lang='lat' dir='ltr'><strong>C,</strong></span> <span class='ocrx_word' id='word_1_342' title='bbox 382 3842 456 3883; x_wconf 84' lang='lat' dir='ltr'><strong>tecta.</strong></span> <span class='ocrx_word' id='word_1_343' title='bbox 466 3833 497 3883; x_wconf 84' lang='lat' dir='ltr'><strong>A.</strong></span> <span class='ocrx_word' id='word_1_344' title='bbox 508 3835 635 3884; x_wconf 84' lang='lat' dir='ltr'><strong>-Mixta</strong></span> <span class='ocrx_word' id='word_1_345' title='bbox 680 3829 741 3880; x_wconf 90' lang='lat' dir='ltr'><strong>dem</strong></span> <span class='ocrx_word' id='word_1_346' title='bbox 759 3841 847 3879; x_wconf 88' lang='lat' dir='ltr'><strong>tamen</strong></span> <span class='ocrx_word' id='word_1_347' title='bbox 862 3837 943 3895; x_wconf 89' lang='lat' dir='ltr'><strong>poeta</strong></span> <span class='ocrx_word' id='word_1_348' title='bbox 960 3822 1055 3876; x_wconf 86' lang='lat' dir='ltr'><strong>recidit</strong></span> <span class='ocrx_word' id='word_1_349' title='bbox 1068 3838 1186 3875; x_wconf 88' lang='lat' dir='ltr'><strong>veterum</strong></span> 
     </span>
     <span class='ocr_line' id='line_1_63' title="bbox 138 3904 1186 3981; baseline -0.001 -25"><span class='ocrx_word' id='word_1_350' title='bbox 138 3907 271 3975; x_wconf 81' lang='lat' dir='ltr'><strong>majestate.</strong></span> <span class='ocrx_word' id='word_1_351' title='bbox 289 3910 427 3978; x_wconf 88' lang='lat' dir='ltr'><strong>Majestate</strong></span> <span class='ocrx_word' id='word_1_352' title='bbox 444 3924 484 3962; x_wconf 92' lang='lat' dir='ltr'><strong>tot</strong></span> <span class='ocrx_word' id='word_1_353' title='bbox 496 3914 636 3964; x_wconf 88' lang='lat' dir='ltr'><strong>numinum</strong></span> <span class='ocrx_word' id='word_1_354' title='bbox 681 3910 836 3981; x_wconf 87' lang='lat' dir='ltr'><strong>opinionem</strong></span> <span class='ocrx_word' id='word_1_355' title='bbox 851 3904 935 3957; x_wconf 83' lang='lat' dir='ltr'><strong>Theb.</strong></span> <span class='ocrx_word' id='word_1_356' title='bbox 950 3906 1014 3969; x_wconf 81' lang='lat' dir='ltr'><strong>Vll,</strong></span> <span class='ocrx_word' id='word_1_357' title='bbox 1030 3922 1094 3975; x_wconf 87' lang='lat'><strong>197:</strong></span> <span class='ocrx_word' id='word_1_358' title='bbox 1110 3906 1186 3955; x_wconf 81' lang='lat' dir='ltr'><strong>«lm-</strong></span> 
     </span>
     <span class='ocr_line' id='line_1_64' title="bbox 138 3984 1181 4064; baseline -0.002 -29"><span class='ocrx_word' id='word_1_359' title='bbox 138 3987 305 4038; x_wconf 79' lang='lat' dir='ltr'><strong>conveniente</strong></span> <span class='ocrx_word' id='word_1_360' title='bbox 312 4001 338 4039; x_wconf 90' lang='lat' dir='ltr'><strong>et</strong></span> <span class='ocrx_word' id='word_1_361' title='bbox 344 3988 449 4060; x_wconf 86' lang='lat' dir='ltr'><strong>placide</strong></span> <span class='ocrx_word' id='word_1_362' title='bbox 459 3992 486 4041; x_wconf 87' lang='lat' dir='ltr'><strong>in</strong></span> <span class='ocrx_word' id='word_1_363' title='bbox 495 4011 577 4044; x_wconf 86' lang='lat' dir='ltr'><strong>unum</strong></span> <span class='ocrx_word' id='word_1_364' title='bbox 588 4012 635 4064; x_wconf 86' lang='lat' dir='ltr'><strong>per</strong></span> <span class='ocrx_word' id='word_1_365' title='bbox 678 4002 753 4040; x_wconf 88' lang='lat' dir='ltr'><strong>moto</strong></span> <span class='ocrx_word' id='word_1_366' title='bbox 770 3985 927 4052; x_wconf 82' lang='lat' dir='ltr'><strong>deducimur</strong></span> <span class='ocrx_word' id='word_1_367' title='bbox 942 3984 1007 4036; x_wconf 89' lang='lat' dir='ltr'><strong>orbe</strong></span> <span class='ocrx_word' id='word_1_368' title='bbox 1019 3985 1143 4035; x_wconf 86' lang='lat' dir='ltr'><strong>Fatorum</strong></span> <span class='ocrx_word' id='word_1_369' title='bbox 1152 4007 1181 4048; x_wconf 74' lang='lat' dir='ltr'><strong>‚n</strong></span> 
     </span>
     <span class='ocr_line' id='line_1_65' title="bbox 139 4063 1181 4137; baseline -0.003 -21"><span class='ocrx_word' id='word_1_370' title='bbox 139 4063 229 4133; x_wconf 78' lang='lat' dir='ltr'><strong>templa</strong></span> <span class='ocrx_word' id='word_1_371' title='bbox 239 4063 295 4116; x_wconf 75' lang='lat' dir='ltr'><strong>cmli</strong></span> <span class='ocrx_word' id='word_1_372' title='bbox 305 4082 476 4137; x_wconf 76' lang='lat' dir='ltr'><strong>congruente.</strong></span> <span class='ocrx_word' id='word_1_373' title='bbox 680 4068 727 4120; x_wconf 90' lang='lat' dir='ltr'><strong>ubi</strong></span> <span class='ocrx_word' id='word_1_374' title='bbox 747 4065 892 4119; x_wconf 89' lang='lat' dir='ltr'><strong>introducit</strong></span> <span class='ocrx_word' id='word_1_375' title='bbox 909 4065 1064 4136; x_wconf 87' lang='lat' dir='ltr'><strong>loquentem</strong></span> <span class='ocrx_word' id='word_1_376' title='bbox 1081 4067 1181 4116; x_wconf 88' lang='lat' dir='ltr'><strong>Jovem.</strong></span> 
     </span>
    </p>
   </div>
   <div class='ocr_carea' id='block_1_12' title="bbox 0 0 1349 4822">
    <p class='ocr_par' dir='ltr' id='par_1_17' title="bbox 0 0 1349 4822">
     <span class='ocr_line' id='line_1_66' title="bbox 0 0 1349 4822; baseline 0 0"><span class='ocrx_word' id='word_1_377' title='bbox 0 0 1349 4822; x_wconf 95' lang='lat' dir='ltr'><strong> </strong></span> 
     </span>
    </p>
   </div>
  </div>
 </body>
</html>
