2646 4822
149 396 192 476 11
383 403 417 462 Ρ.
445 404 479 462 e.
507 403 661 466 111111
686 402 962 472 rnnearnos

191 526 315 595 Exsilio
326 544 457 597 mutare
469 529 602 596 ducem.
613 532 668 599 sic
675 527 752 622 jure
764 531 912 624 maligno

190 641 374 705 Fortunam
385 642 529 708 transire
537 638 674 733 jubent,
687 657 726 707 ut
738 659 871 734 sceptra
882 661 1053 714 tenentem

190 749 327 819 Foedere
338 755 504 844 praecipiti
516 777 650 846 semper
662 776 771 822 novus
783 772 923 848 angeret
933 758 1053 827 haeres.

236 867 315 931 Haec
325 866 415 932 inter
425 865 547 933 fratres
558 867 665 958 pietas
677 883 768 934 erat:
782 866 859 936 haec.
867 893 963 938 mora
974 896 1081 963 pugne

187 972 276 1055 Sola,
290 976 401 1042 necin
412 996 526 1068 regem
538 975 762 1068 perduratura
776 978 974 1071 secundum.

184 1088 226 1149 Et
236 1085 392 1152 nondum
403 1109 518 1154 crasso
529 1087 700 1181 laquearia
713 1088 970 1173 fulva'metallo‚

184 1195 357 1262 Montibus
369 1213 429 1264 aut
440 1196 507 1265 alte
517 1201 625 1266 Graiis
639 1198 758 1267 effulta
771 1199 926 1269 nitebant

174 1408 233 1477 139.
251 1407 352 1460 Exsilio
373 1420 474 1462 mutare
487 1411 586 1462 ducem·
605 1413 640 1462 Ut
686 1413 767 1483 Lang.
788 1432 857 1464 unus
876 1416 1040 1481 Burmanni,
1062 1432 1081 1467 ei

135 1487 218 1538 altero
228 1500 355 1558 regnante
364 1486 429 1539 alter
439 1503 509 1541 esset
518 1503 590 1541 extra
599 1510 641 1541 ur·
685 1492 775 1542 branae
783 1492 972 1544 Pirckhaimeri
982 1513 1025 1564 ap.
1034 1495 1081 1546 Gr(

135 1566 195 1618 bem
207 1569 235 1619 in
248 1567 325 1618 exilio
338 1569 513 1635 constitutus,
525 1582 553 1620 et
564 1587 639 1620 com·
683 1572 767 1622 Diatr.
781 1590 842 1642 pag.
855 1571 917 1642 357.
928 1572 995 1623 Vide
1005 1574 1081 1626 Heius

132 1646 207 1717 pleto
220 1666 292 1698 anno
306 1645 406 1698 rediret
420 1645 454 1698 ad
468 1665 597 1717 regnum,
612 1662 639 1700 et
684 1646 779 1700 Claud.
795 1651 846 1716 Vl,
860 1650 942 1701 Cons.
957 1653 1059 1703 Honor.
1080 1670 1081 1701 3

131 1730 175 1779 cui
187 1745 340 1779 successum
354 1727 457 1792 fuerat,
469 1727 520 1778 iret
530 1728 559 1779 in
571 1730 640 1780 exsi—
683 1725 792 1797 quearia
801 1727 875 1778 culta
887 1727 1081 1782 Gebhardus.l

133 1805 212 1872 lium,
222 1805 355 1858 rediturus
366 1824 436 1858 anno
449 1805 592 1878 completo.
604 1838 639 1846 -
683 1804 828 1856 lectionem
842 1817 975 1858 testantur
987 1810 1080 1880 Lipsia

133 1888 196 1936 Jure
219 1886 347 1958 malipno.
372 1888 468 1957 Iniqua
491 1899 639 1937 commuta-
683 1884 802 1935 Petrens.
830 1896 856 1935 et
884 1886 1045 1938 membranae
1071 1890 1081 1939 l

132 1967 205 2017 tione
217 1965 372 2017 felicitatem
385 1966 491 2036 imperii
503 1965 588 2017 exsilii
598 1968 638 2018 in·
685 1982 797 2034 eamque
811 1962 936 2016 exhibent
948 1962 1081 2019 Lindenbr

130 2045 257 2097 felicitate
270 2059 444 2097 commutant.
463 2046 590 2096 Lecrsnr.
683 2040 793 2093 Amstel.
803 2044 886 2095 Gron.
894 2057 919 2095 et
927 2059 1079 2097 recente.-

167 2125 225 2190 140.
245 2125 398 2177 Fortunam.
421 2124 559 2175 Summum
579 2124 637 2175 cul·
682 2117 762 2189 dum,
781 2136 831 2173 etc.
853 2125 913 2174 Hrec
933 2144 994 2176 cum
1014 2125 1081 2179 admi

129 2223 205 2267 men,
222 2205 331 2274 Regiam
346 2202 518 2273 dignitatem,
534 2217 633 2273 poten·
679 2199 882 2271 pronuntianda
897 2215 923 2253 et
937 2201 1051 2272 legenda
1066 2225 1081 2258 s*

129 2285 201 2334 riam.
222 2286 319 2335 Bsnru.
678 2278 760 2331 Fulva
790 2280 908 2332 metallo.
939 2280 1081 2337 Membran

167 2366 225 2431 141.
245 2364 348 2415 Foedere
356 2363 493 2436 precipiti.
509 2364 580 2432 Quia
595 2367 632 2414 vi·
678 2358 822 2436 elhaimeri
832 2359 933 2411 babent
937 2359 1015 2431 fulta
1023 2376 1081 2416 metr

129 2441 632 2514 cesregnandicitoeffluebant‚annuae
677 2438 1081 2512 dicitGronoviuS,eamquelec

130 2524 201 2573 enim
213 2520 300 2574 solum
314 2536 447 2588 erant-
457 2523 554 2575 Heres.
570 2524 633 2576 Suc·
678 2519 785 2591 probat.
793 2520 897 2590 Lipsius
906 2533 932 2570 et
939 2521 1078 2573 Bernartin

130 2620 228 2653 cessar.
238 2603 308 2670 Quia
320 2604 347 2653 in
360 2621 439 2654 omne
449 2606 493 2673 jus
505 2602 635 2654 deceden-
678 2596 837 2650 Gebhardus
854 2597 924 2650 culta
943 2599 1081 2652 substituu

130 2684 162 2734 tis
171 2682 493 2749 suceessorveniebat‚ut
502 2682 633 2754 legitimus
680 2679 1077 2750 optimeretineripotestfutva

129 2760 221 2814 haeres.
234 2763 318 2814 Instit.
332 2761 365 2814 de
378 2761 483 2816 Haered.
495 2763 595 2831 Qualit.
609 2777 635 2815 et
680 2754 780 2807 metalli
795 2776 841 2808 seu
855 2757 926 2820 auri,
939 2756 1013 2826 qUOd
1023 2756 1081 2810 fulv'

130 2843 224 2894 Differ.
239 2843 280 2894 Sic
298 2841 460 2894 Claudianus
477 2843 505 2893 in
522 2845 633 2913 Eutrop.
680 2833 752 2884 Alias
765 2831 867 2903 effulta
880 2837 1014 2904 sequentis
1026 2855 1081 2888 vert

130 2919 247 2986 11‚550:
264 2918 372 2971 “Rufini
388 2931 519 2971 castratus
531 2919 635 2989 prosilit
681 2931 740 2964 nem
756 2911 870 2962 duorum
883 2909 980 2962 horum
992 2932 1081 2967 versut

131 2998 222 3049 haeres.
234 3021 245 3044 1
266 3000 363 3049 Banna.
681 2993 744 3065 tiam
752 2990 864 3043 tolleret.
875 2991 1040 3046 —Metallo
1050 2996 1081 3046 Mt

171 3075 228 3140 142.
240 3076 318 3126 Mora
325 3093 428 3147 pupnoe.
439 3076 541 3126 Lucan.
551 3075 599 3128 lib,
610 3079 636 3142 l,
682 3069 804 3122 absolute
813 3091 863 3142 pro
875 3090 938 3123 auro
948 3074 1066 3151 ponitun
1076 3095 1081 3125 1

132 3171 171 3204 vs,
188 3169 238 3204 100
253 3172 259 3204 :
277 3152 408 3206 uCrassus
427 3167 483 3206 erat
501 3153 566 3206 belli
582 3172 637 3207 me·
683 3150 874 3217 Claudianum,
887 3154 934 3212 1113
954 3150 1018 3204 163:
1039 3156 1081 3205 «E

132 3230 193 3282 dius
205 3249 308 3282 mora.»
683 3229 811 3301 (mirum)
825 3250 928 3301 coepere
942 3232 1072 3284 columnae

173 3309 230 3374 143.
249 3308 306 3360 Nec
322 3310 350 3360 in
365 3328 450 3384 nepem
463 3311 637 3382 perduratura
684 3308 826 3379 subitoque
841 3309 929 3361 trabes
942 3308 1032 3363 lucere
1044 3330 1081 3364 me

133 3387 282 3441 seeundum.
302 3386 375 3439 Licet
393 3389 485 3458 iniqua
505 3402 570 3442 esset
587 3391 637 3441 ista
683 3387 785 3438 Morem
797 3386 940 3439 inaurandi
952 3386 1081 3460 laquearia

134 3467 241 3531 divisio,
253 3481 342 3519 tamen
352 3467 540 3520 adsecundum
547 3489 635 3540 regem
681 3465 784 3519 lumnas
791 3470 900 3538 coepisse
906 3466 987 3519 tradit
993 3467 1081 3520 Plini

133 3549 272 3618 pervenire
279 3567 335 3610 non
343 3550 442 3618 potuit:
453 3549 523 3620 quia,
532 3548 636 3621 expleto
683 3564 740 3616 cap.
750 3547 780 3610 3,
790 3561 851 3617 post
862 3546 1049 3616 Carthaginem
1057 3567 1081 3600 ei

135 3645 216 3693 anno,
225 3645 307 3698 quum
314 3624 450 3698 Polynices
458 3641 590 3697 repeteret
598 3648 636 3681 re·
680 3657 716 3664 —
730 3625 835 3678 Habent
848 3626 928 3696 Regg.
945 3628 1002 3678 Bet
1017 3629 1052 3694 C,
1067 3627 1081 3679 1.

133 3724 231 3774 gnum,
240 3694 482 3776 regnanteEteoele
491 3719 563 3758 mota
574 3722 635 3759 sunt
675 3705 756 3776 fitlva
766 3704 881 3758 metallo.
893 3708 933 3757 De
942 3707 1038 3776 quibus
1047 3728 1078 3760 va

134 3786 210 3837 bella.
229 3788 356 3839 Lauranr.
681 3786 738 3837 vide
750 3786 831 3856 hujus
845 3785 891 3836 lib.
907 3787 1015 3839 Excurs.
1034 3790 1067 3840 A.

174 3864 636 3936 144.'Etnoudumcrassolaquearia
720 3865 777 3932 145.
802 3867 935 3918 Montibus
956 3880 1004 3918 ant
1023 3867 1077 3919 alte

128 3941 210 4014 ‚fulva
226 3944 342 3996 metallo.
362 3944 399 3996 At
416 3944 535 3997 nondum
554 3964 635 3997 crasso
681 3945 787 4016 effulta.
807 3946 940 3996 Montibus
958 3956 1004 3996 aut
1023 3947 1076 3998 late

133 4021 267 4093 laquearia
267 4020 636 4093 fuftaTaurin..fultaliabent
680 4022 780 4076 Buslid.
794 4025 911 4095 Lipsian.
923 4028 1004 4095 Lang.
1021 4028 1078 4078 Lau

133 4101 211 4150 etiam
230 4100 319 4153 Petar.
335 4099 427 4152 Behot.
444 4097 540 4151 Buslid.
556 4103 634 4154 Laur.
680 4099 759 4155 Aldd.
775 4101 860 4154 Colin.
881 4102 980 4176 Gryph.
1000 4105 1077 4158 Pasil.
