2646 4814
142 403 184 444 22
378 381 412 443 P.
439 382 474 442 P.
500 377 655 441 STATII
679 376 956 444 THEBAIDOS

185 505 329 589 Exaudi,
344 508 372 572 si
381 505 483 596 digna
494 526 626 596 precor,
640 525 783 597 quaeque
794 508 868 596 ipsa
878 505 1005 574 furenti

186 614 369 709 Subjiceres
382 641 389 680 :
402 613 524 682 orbum
535 617 612 681 visu
623 616 804 710 regnisque
814 631 992 709 parentem

186 732 262 793 Non
273 749 401 817 regere,
414 740 473 791 aut
484 723 583 793 ¹dictis
595 733 794 792 moerentem
805 724 941 794 flectere
952 726 1061 795 adorti
1158 742 1189 810 75

184 843 276 924 Quos
289 839 403 929 genui,
417 861 621 931 quocunque
631 853 706 904 toro
719 865 726 902 :
739 841 824 932 quin
835 862 912 906 ecce
924 838 1078 931 superbi,

184 954 248 1015 Pro
260 947 369 1014 dolor!
383 965 417 1015 et
428 964 544 1015 nostro
555 945 756 1040 jamdudum
769 949 888 1017 funere
901 974 996 1042 reges

186 1056 353 1126 Insultant
366 1051 530 1136 tenebris,
543 1060 757 1153 gemitusque
769 1058 871 1127 odere
882 1077 1053 1153 paternos.

136 1277 259 1351 parvulas
276 1291 353 1330 notas
369 1277 485 1331 Michael
501 1278 640 1331 Mamilius
686 1300 746 1333 cere
759 1278 876 1335 videbis:
896 1286 972 1355 cujus
986 1284 1110 1337 tenebras
1124 1304 1192 1337 nun-

136 1358 219 1411 abbas
228 1358 411 1430 Villalupanus
420 1359 463 1412 edi
471 1363 572 1413 curavit
580 1380 642 1412 cum
686 1379 765 1432 quam
782 1360 920 1434 dispelles,
941 1364 1007 1430 nisi,
1026 1377 1056 1415 ut
1070 1383 1102 1416 ex
1114 1363 1191 1418 libris

134 1439 424 1512 suaversioneGallica
433 1443 552 1512 Papinii,
563 1444 641 1495 simul
685 1445 870 1514 manuscriptis
888 1445 1011 1514 reposui,
1026 1443 1099 1514 legas
1114 1466 1121 1495 ι
1144 1445 1192 1496 Or·

136 1533 163 1571 et
170 1516 287 1572 editione
296 1518 414 1592 ejusdem
421 1520 530 1591 Latina)
540 1521 604 1592 legit
611 1523 640 1573 in
686 1522 746 1571 bum
758 1521 825 1586 uisu,
837 1522 972 1596 regnisque
978 1533 1131 1595 parentem,
1141 1535 1191 1575 etc.

135 1610 224 1650 morte.
239 1598 304 1664 Sed,
314 1617 374 1649 meo
379 1596 640 1670 judiei0,pulchrio-
685 1598 773 1650 Liberi
784 1601 854 1666 mei,
866 1602 968 1671 inquit,
980 1620 1067 1672 neque
1079 1601 1193 1672 dirigere

135 1692 191 1729 rem
207 1696 315 1730 sensum
330 1679 396 1730 facit
411 1677 479 1731 illud
497 1690 596 1747 matre,
615 1694 644 1733 et·
684 1679 841 1747 voluerunt,
851 1699 939 1751 neque
948 1679 1028 1732 solari
1037 1700 1079 1732 me
1088 1681 1193 1753 patrem

135 1755 315 1828 supplendum
337 1770 392 1822 est,
410 1759 518 1829 equita,
537 1759 566 1810 id
584 1773 640 1826 est,
685 1761 820 1829 privatum
827 1761 885 1812 visu
893 1762 1091 1830 etregno,quin
1100 1763 1193 1833 potius

134 1836 206 1891 volui
222 1837 333 1910 perdere
353 1836 464 1905 oculos,
478 1839 526 1891 ubi
545 1843 641 1911 agnovi
685 1841 795 1892 caecitati
803 1854 829 1892 et
836 1840 946 1892 miseriis
958 1842 1022 1892 meis
1034 1839 1144 1913 superbi
1156 1841 1194 1891 in-

133 1921 397 1986 infelicemmatrem,
405 1938 438 1971 ne
447 1918 559 1991 amplius
567 1920 641 1974 illam
686 1915 794 1969 sultam.
810 1920 939 1969 Bruuius.

133 2001 639 2072 viderent,quamanteaincesteetcum

133 2081 246 2131 crimine
270 2076 455 2150 adspexerant.
475 2080 555 2146 Quod
579 2100 640 2132 eon-

133 2159 253 2211 firmatur
260 2177 292 2210 ex
299 2159 399 2210 Seneca
406 2158 434 2209 in
441 2158 526 2211 Theb.
538 2163 606 2212 Actu
615 2164 639 2227 Ι,

133 2257 177 2309 91,
190 2239 235 2291 ubi
247 2239 384 2290 inducitur
394 2237 516 2311 OEdipus
528 2237 586 2291 baec
600 2240 640 2291 di-

132 2336 213 2370 cens:
236 2317 357 2368 «Dextra
376 2317 441 2387 quid
461 2337 548 2370 cessas
569 2320 639 2370 iners

131 2399 240 2468 Exigere
251 2397 363 2467 poenasi’
375 2395 505 2468 quidquid
517 2412 639 2449 exactum

132 2485 172 2529 est
187 2467 275 2526 adbuc
288 2474 369 2524 Matri
382 2472 486 2526 dedisti.
497 2499 508 2522 n
525 2477 637 2527 Bausta.

80 2589 86 2600 .
169 2545 640 2627 73.Exaudi,sidiquaprecor‚quoe·

132 2653 182 2707 que
199 2635 264 2706 ipsa.
282 2632 312 2683 ld
330 2647 386 2699 est,
403 2652 460 2704 quae
478 2647 508 2684 tu
527 2633 639 2686 suadere

131 2703 250 2787 potuisti.
258 2716 399 2766 Furiarum
408 2716 478 2766 enim
486 2729 526 2766 est
533 2735 637 2788 semper

132 2793 246 2845 suadere
259 2792 387 2844 crudelia.
398 2792 490 2864 virgil.
504 2793 563 2844 AEn.
574 2796 637 2861 Vll,

132 2863 183 2929 '335
197 2876 224 2925 e't
235 2880 309 2946 seqq.
323 2868 450 2925 Lucrina.

167 2951 211 3021 74.
227 2952 384 3022 Subsicqres:
403 2951 492 3003 orbum
508 2952 581 3019 uisu,
598 2971 638 3003 re-

129 3031 252 3104 gnisque,
262 3040 407 3100 parentem.
420 3030 549 3083 Subicares
555 3069 565 3097 ,
576 3031 638 3081 Bar-

132 3109 181 3160 tliii
194 3109 361 3160 membranae.
376 3107 458 3180 Lauq.
470 3109 551 3161 Laur.
565 3111 637 3161 Tau-

131 3191 183 3240 rin.
195 3186 301 3239 Venett.
313 3184 343 3254 3,
356 3189 389 3255 4,
400 3188 478 3240 Rom.
491 3187 571 3241 Aldd.
583 3189 637 3241 Co-

132 3267 177 3318 lm.
191 3262 293 3338 Grypb.
307 3279 334 3318 et
345 3266 438 3333 Basil,
451 3270 637 3341 requisqueea-

130 3348 228 3398 rentem
240 3368 249 3408 ;
277 3342 394 3398 Petrens.
420 3345 513 3398 Behot.
535 3347 633 3400 Buslid.

130 3425 247 3495 Lipsian.
261 3423 315 3475 duo
334 3422 536 3495 Lindenbrogii,
553 3445 636 3478 uuus-

131 3510 183 3571 que
201 3501 362 3568 Burmanni,
385 3503 519 3574 rapuitque
539 3523 637 3574 pareu-

79 3591 83 3601 ‘
131 3573 634 3652 tem5quodprimireposuerun'tBeru.

131 3661 271 3712 etGevart.
282 3690 318 3699 -
326 3663 390 3730 fleg.
401 3662 434 3723 B,
448 3661 582 3735 repuisque
592 3679 635 3712 ca-

130 3746 227 3790 rentem
237 3738 346 3810 praebet.
357 3734 389 3791 A.
399 3769 435 3780 —
443 3739 635 3813 Repnisqueca-

722 1996 764 2065 75.
781 1996 881 2048 Adortr'.
898 1994 1058 2048 Maroniana
1070 1996 1192 2066 locutio,

685 2076 788 2128 AEneid.
805 2075 853 2127 lib.
869 2077 919 2141 VI,
932 2095 970 2129 vs.
984 2076 1051 2147 397:
1068 2077 1124 2128 «Hi
1138 2075 1192 2127 do-

684 2156 783 2205 minam
796 2152 863 2206 Ditis
874 2152 993 2206 thalamo
1004 2153 1138 2207 deducere
1148 2155 1193 2206 ad-

685 2235 765 2284 orti.»
788 2232 893 2285 AEneid.
913 2233 960 2285 lib.
980 2236 1043 2301 VII,
1062 2253 1101 2286 vs.
1118 2234 1191 2287 386:

688 2336 698 2359 u
708 2314 796 2384 Majus
808 2311 902 2365 adorta
913 2314 997 2365 nefas.
1009 2336 1020 2360 n

721 2394 763 2464 76.
781 2393 949 2467 Quocumque
965 2404 1035 2445 toro:
1052 2395 1117 2465 quin
1134 2412 1195 2446 ecee

684 2473 793 2543 superbi.
801 2475 880 2525 Hunc
887 2490 991 2526 versum
998 2474 1109 2545 Taurin.
1118 2487 1193 2544 post·

683 2554 760 2624 ponit
770 2553 860 2603 versui
874 2570 917 2622 77,
931 2560 1010 2623 quem
1024 2551 1150 2603 Barthius
1164 2554 1192 2603 in

683 2629 843 2682 membranis
854 2632 907 2681 suis
918 2648 972 2680 nou
982 2631 1090 2680 invenit.
1099 2624 1192 2681 Codex

682 2712 838 2777 Burmanni,
848 2710 912 2782 quin
922 2727 980 2761 arce
988 2708 1103 2779 mperbi,
1116 2704 1191 2762 Proh

682 2789 770 2842 dolor!
780 2800 805 2839 et
814 2799 900 2840 nostro
904 2790 965 2860 jam
975 2788 1076 2840 dudum
1084 2784 1193 2862 serupul-¹

683 2887 801 2940 nerepes.
814 2869 854 2920 Cf.
864 2867 950 2920 Theb.
963 2869 1003 2935 Π,
1016 2869 1079 2930 108;
1094 2867 1190 2919 Achill.

682 2949 714 3014 ll,
723 2949 784 3010 3603
793 2961 818 3000 et
826 2947 974 2999 Comment‚
983 2945 1189 3014 adPhaedr.1,2.

682 3059 718 3068 -
734 3029 892 3100 Quocunque
908 3038 972 3080 toro.
990 3030 1091 3079 Tamen
1109 3025 1203 3090 liberix

682 3110 750 3173 mei,
763 3110 865 3160 etiamsi
877 3127 908 3160 ex
919 3111 1031 3161 incestu.
1044 3108 1143 3159 Binan.

719 3205 760 3257 77.
775 3188 828 3238 Pro
840 3187 931 3239 dolor!
942 3188 979 3239 Et
989 3196 1075 3240 nostro
1083 3186 1191 3258 jamdu-

681 3264 746 3317 dum
755 3265 854 3336 funere
866 3285 942 3338 repes.
953 3264 1020 3316 Vide
1033 3283 1114 3336 supra
1125 3265 1187 3317 Var.

682 3345 724 3414 76.
740 3347 852 3415 Optimae
865 3359 891 3396 et
904 3347 1091 3416 antiquissimae
1102 3365 1190 3397 mem-

679 3423 770 3475 branae
791 3443 847 3474 non
868 3436 1018 3494 agnoscunt
1036 3422 1108 3474 hunc
1126 3443 1187 3476 ver-

680 3520 748 3554 sum.
760 3504 817 3554 Nec
832 3511 894 3553 sane
908 3501 1054 3553 admodum
1066 3521 1188 3554 commo-

680 3580 745 3634 dus:
760 3584 853 3652 quanti
867 3584 937 3634 enim
953 3582 1020 3633 illud
1025 3583 1188 3655 jamdudum

680 3662 818 3713 autumas?
829 3659 883 3712 olet
893 3680 1006 3712 acumen
1017 3661 1050 3712 de
1058 3660 1187 3714 claustro.

679 3743 776 3794 Bsurn.
795 3770 831 3780 -
848 3743 913 3812 Reg.
933 3742 969 3808 B,
980 3741 1140 3813 jamdudum
1159 3741 1187 3792 in

129 3830 236 3871 rentem.
256 3821 353 3885 Recte,
370 3830 399 3869 ut
420 3820 446 3870 in
464 3821 524 3888 ipso
543 3818 633 3872 limine
672 3820 770 3890 funere
787 3838 862 3892 repes.
877 3819 909 3871 A.
926 3849 962 3858 -
973 3818 1069 3872 Nostro
1078 3818 1186 3887 funere.

127 3897 246 3949 videtur:
260 3899 317 3949 atsi
326 3900 433 3968 penitus
445 3900 633 3971 introspicias,
679 3899 720 3951 Sic
728 3912 803 3951 suam
812 3899 956 3950 cecitatem
963 3897 1186 3970 vocatOEdipus‚

65 4026 69 4037 ,
127 3980 206 4029 unius
215 3976 327 4029 literula‘
340 3981 401 4030 vitio
413 3981 584 4050 inquinatum
596 3979 633 4030 lo·
679 3998 758 4049 quam
773 3981 885 4046 Noster,
901 3977 987 4030 'l'heb
1004 3979 1056 4045 XI,
1074 3989 1185 4030 inertem

127 4075 186 4108 curn
199 4057 309 4110 densum
323 4059 458 4110 sententiae
470 4071 579 4111 noctem
591 4059 632 4111 fa·
677 4056 858 4130 imperfectam
869 4056 995 4130 appellat.
1009 4059 1117 4109 Beuum.
