2646 4822
492 361 636 425 LIBER
662 362 688 423 l.

1075 361 1115 440 43

106 487 262 573 Qualiter
273 488 354 556 hinc
365 485 497 578 gelidus
509 491 644 567 Boreas,
657 485 738 554 hinc
748 486 884 554 nubifer
896 491 1004 556 Eurus

107 598 194 665 Vela
205 597 362 682 trahunt,
375 613 473 666 nutat
484 597 605 667 mediae
618 598 758 667 fortuna
769 601 902 667 carinae.

108 712 187 775 Heu
198 707 303 776 dubio
315 732 481 801 suspensa
492 725 602 791 metu,
615 708 859 803 tolerandaque
871 706 974 777 nullis
1072 721 1119 789 ¹95

109 821 239 909 Aspera
250 839 325 883 sors
335 816 486 910 populis!
502 820 566 887 Hic
577 818 722 911 imperat
734 842 741 882 :
755 815 812 885 ille
823 820 1007 887 minatur.»

157 932 200 993 At
211 929 304 994 Jovis
317 930 467 1021 imperiis
480 929 590 1022 rapidi
602 952 705 1021 super
717 932 802 999 atria
815 928 888 997 coeli

111 1041 235 1108 Lectus
247 1039 390 1108 concssio
405 1039 525 1109 divum
536 1057 741 1110 convenerat
753 1040 837 1108 ordo

112 1151 277 1216 Interiore
288 1149 368 1242 polo
381 1177 387 1216 :
402 1153 519 1242 spatiis
531 1150 611 1220 hinc
622 1153 736 1218 omnia
744 1151 843 1243 juxte

63 1334 135 1385 tione
143 1336 276 1402 Drances,
286 1337 344 1386 AEn.
352 1337 398 1403 Xl,
406 1337 457 1404 372
468 1359 473 1386 :
486 1337 571 1404 «Nos,

62 1412 127 1464 viles
140 1418 265 1466 animae.»

100 1495 160 1562 193.
181 1493 302 1564 Qualiter
319 1494 379 1546 hinc
396 1495 500 1568 qelidur
518 1497 571 1548 Bo-

64 1590 125 1625 reas.
134 1574 245 1645 Optima
253 1576 432 1647 comparatio,
443 1574 491 1627 sed
498 1576 572 1646 igno·

62 1665 92 1702 tre
104 1653 142 1704 rei
154 1651 298 1724 descriptio
310 1673 361 1725 per
372 1651 571 1706 similitudinem

63 1743 147 1804 notat:
160 1744 186 1782 et
197 1734 300 1804 egregie
311 1732 503 1804 rempublicam
511 1735 572 1785 navi

60 1811 165 1877 jactatae
173 1810 376 1880 tempestatibus
384 1810 572 1863 similat.Sicut

63 1886 192 1939 Tull-ad
199 1888 381 1959 gubernacula
389 1888 568 1962 reipublicaeps

64 1980 89 2018 et
99 1969 194 2020 Horat.
207 1986 290 2021 carm.
304 1971 331 2036 l,
344 1968 387 2022 od.
402 1972 448 2037 14:
466 1970 573 2022 “Ona-

62 2049 100 2100 vie
114 2049 249 2116 reserent,
262 2063 336 2102 etc.»
352 2050 392 2101 lta
407 2063 433 2101 et
448 2053 497 2102 iste
510 2051 573 2102 fecit

64 2129 411 2198 comparationem,contra
419 2127 503 2181 artem
510 2149 573 2201 poe·

63 2208 158 2257 ticam:
172 2224 235 2257 nam
247 2209 414 2280 comparatio
427 2226 443 2259 a
456 2226 572 2278 persona

62 2298 150 2355 poetae
168 2283 250 2338 debet
266 2273 367 2338 induci.
384 2287 466 2340 Simul
478 2301 572 2340 ventos

61 2362 189 2416 fratribus
209 2366 390 2434 comparavit,
409 2384 504 2416 navem
521 2368 573 2416 rei-

62 2441 177 2512 publicae
191 2461 275 2514 quum
289 2441 364 2495 bellis
379 2443 500 2495 civilibus
518 2458 573 2495 tur-

63 2520 178 2573 baretur.
194 2521 325 2574 Lacutur.
340 2552 376 2562 -
390 2523 504 2594 Nubifer
517 2525 573 2574 Eu·

65 2617 112 2651 rus.
126 2601 199 2667 Quia
209 2600 357 2671 pluviosus.
368 2601 483 2653 Nubifer
493 2604 572 2653 etiam

64 2679 125 2732 Silio
136 2679 291 2747 ltalico,X,
300 2680 349 2734 322
360 2702 366 2730 ε
381 2703 392 2727 a
402 2681 456 2731 Ubi
467 2680 574 2732 nubifer

66 2761 167 2829 Eurus,
178 2760 350 2832 naufragium
367 2779 495 2832 spargens
512 2779 574 2832 ope-

69 2840 98 2890 rit
110 2840 212 2894 lreta.»
290 2872 292 2876 -

102 2919 161 2988 ¹94⁴
180 2920 287 2971 Medioe.
306 2919 379 2972 Inter
395 2919 456 2970 illos
474 2916 574 2971 scilicet

68 3011 165 3051 ventos.
173 3000 343 3051 -Fortuna
351 2999 526 3065 Instabilitas,
538 3001 576 3050 in-

68 3076 208 3130 certitudo.
221 3079 360 3144 Lucuuus,
371 3081 409 3145 ll,
419 3080 454 3146 lo
464 3091 489 3130 et
499 3098 572 3151 seqq.

72 3159 166 3213 «Nunc
178 3158 244 3210 flere
256 3172 389 3230 potestas,
400 3158 464 3210 dum
474 3158 574 3230 pendet

68 3237 172 3290 fortuna
182 3237 296 3301 ducum;
308 3258 390 3310 quum
397 3239 488 3290 vicerit
499 3236 572 3306 alter,

70 3315 305 3388 Gaudendum'est.
315 3340 327 3364 u
341 3317 367 3369 Si
378 3316 516 3368 idiotismis
528 3316 576 3370 ho·

70 3393 162 3449 diemis
175 3396 293 3449 Fortuna
303 3409 488 3468 tempestatem
500 3399 576 3449 mari·

70 3475 155 3526 timam
171 3477 309 3548 speciatim
322 3475 441 3528 denotat.
455 3476 571 3551 Compa-

71 3554 132 3604 ratio
152 3554 229 3606 navt's
247 3567 274 3605 et
292 3554 452 3626 reipublice,
471 3555 573 3626 princi·

616 1336 714 1388 lluslid.
721 1340 827 1388 Venett.
837 1334 917 1387 Aldd.
928 1334 1013 1386 Colin.
1022 1334 1121 1407 Gryph.

616 1413 693 1467 Basil.
704 1414 792 1479 Plant.
806 1415 912 1466 Gevart.
926 1426 952 1466 et
964 1428 1076 1466 recentt.
1088 1444 1124 1453 -
1221 1418 1223 1422 ⁴

615 1494 714 1567 Aspera
727 1512 794 1546 mors
805 1494 941 1565 praebebat
951 1496 1016 1565 Reg.
1029 1498 1064 1556 B3
1077 1492 1124 1556 sed

617 1573 735 1625 secunda
748 1593 842 1626 manus
855 1594 937 1646 super
948 1594 975 1623 m
988 1577 1093 1647 scripsit
1104 1594 1124 1627 s.

615 1654 679 1722 Reg.
693 1653 777 1703 Cfert
788 1651 886 1722 Aspera
900 1671 960 1705 sors.
976 1654 1008 1705 A.
1023 1685 1060 1692 -
1072 1655 1125 1705 Ilio

617 1732 744 1802 imperat,
761 1730 808 1783 ille
823 1733 948 1783 minatur.
966 1731 997 1784 ld
1010 1746 1066 1797 est,
1078 1734 1126 1787 inr-

616 1824 693 1881 perat
711 1810 849 1876 Eteocles,
868 1812 914 1883 qui
932 1811 1012 1863 fidem
1030 1812 1124 1883 fregit:

616 1892 731 1942 minatur
741 1889 893 1964 Polynices,
908 1894 970 1962 quia
984 1893 1070 1942 amisit
1080 1892 1126 1943 im-

617 1972 735 2040 perium;
744 1983 770 2021 et
778 1969 1050 2043 necesseestpopulis
1058 1969 1126 2022 The·

617 2048 822 2114 banorum,sub
833 2049 912 2100 unius
923 2050 1050 2127 imperio,
1061 2047 1127 2099 duo-

617 2146 676 2178 rum
688 2129 780 2178 timere
793 2130 925 2180 saevitiam.
935 2129 1066 2180 Lacutur.

657 2224 714 2278 197.
728 2207 764 2259 At
777 2210 850 2262 Jovis
864 2208 987 2281 imperiis.
1005 2207 1041 2261 At
1054 2209 1126 2260 Jovis

618 2288 740 2360 imperio,
750 2290 854 2341 Venett.
869 2289 898 2354 3,
912 2289 942 2356 4,
955 2291 1031 2340 Rom.
1045 2288 1123 2340 Aldd.

618 2365 705 2417 Colin.
722 2364 821 2439 Gryph.
839 2368 918 2418 Basil.
934 2367 1018 2418 Plant.
1035 2378 1061 2416 et
1074 2365 1126 2418 Ge-

617 2457 683 2497 vart.
696 2445 732 2497 At
743 2447 815 2498 Jouis
828 2448 956 2519 imperiis,
972 2444 1057 2498 codex
1068 2464 1127 2517 per-

617 2528 743 2596 antiquus
759 2525 874 2595 Barthii,
891 2528 959 2577 Dan.
978 2530 1066 2580 Petav.
1079 2526 1126 2578 Be·

617 2603 673 2656 hot.
691 2607 800 2656 Petrens
817 2619 843 2656 et
859 2606 968 2658 Taurin.
986 2625 1048 2657 cum
1063 2603 1124 2656 edd.

618 2682 728 2733 Amstel.
743 2683 859 2734 Gronov.
873 2683 963 2734 Barth.
976 2696 1002 2733 et
1014 2696 1124 2736 recentt.

617 2779 694 2832 super
706 2761 788 2810 ardua
802 2761 861 2812 caeli
876 2766 954 2812 etiam
967 2764 1077 2812 Taurin.
1091 2792 1125 2800 -

617 2839 681 2909 Reg„
695 2841 731 2905 B,
742 2837 778 2890 At
789 2839 863 2891 Jovis
874 2840 983 2910 imperio
992 2860 1004 2900 ;·
1013 2842 1078 2909 Reg.
1090 2839 1125 2906 C,

618 2918 655 2970 At
669 2920 741 2972 Jovis
757 2920 879 2993 imperiis.
898 2921 931 2970 A.
950 2949 987 2959 -
1002 2920 1038 2972 At
1053 2912 1126 2973 Jovis·

620 2996 749 3070 imperiis,
768 3012 818 3050 etc.
834 2999 924 3066 Quum
940 2998 1006 3051 nihil
1023 3002 1126 3052 eveniat

619 3077 646 3126 in
660 3077 752 3143 terris,
765 3077 816 3127 nisi
827 3078 885 3128 Diis
896 3077 1065 3145 auctoribus,
1078 3079 1126 3131 fin-

619 3157 657 3226 git
672 3169 770 3228 poeta,
785 3158 878 3231 lovem
890 3175 999 3213 vocasse
1012 3161 1082 3210 Deos
1097 3161 1126 3211 in

620 3237 791 3302 concionem,
803 3249 832 3287 ut
845 3237 882 3288 eis
894 3239 997 3309 aperiat
1009 3252 1125 3291 tuentem

619 3332 694 3366 suam
717 3314 750 3366 de
772 3315 916 3389 puniendis
936 3316 1071 3370 Thebanis
1094 3338 1125 3370 ac

619 3396 729 3466 Argivis.

656 3474 713 3542 198.
727 3474 817 3526 Lecttu
829 3474 950 3526 concilio.
965 3475 1050 3527 Leros
1064 3495 1125 3527 con-

618 3552 689 3618 cilio,
701 3552 794 3604 Behot.
808 3567 835 3605 et
845 3552 969 3606 nonnulli
981 3554 1124 3606 Barthiani.

72 3634 106 3701 pit
117 3647 142 3685 et
156 3635 338 3707 pubemotoris
352 3634 414 3686 alibi
430 3634 572 3687 declarata.
657 3647 714 3701 199.
728 3633 856 3683 Interiore
865 3631 945 3703 polo:
961 3634 1049 3702 spatiis
1063 3632 1126 3685 linc

75 3712 163 3765 Btntn.
605 3712 708 3782 ,omnia
724 3716 813 3784 juxta.
835 3715 944 3763 Veteres
966 3712 1125 3766 membranae

107 3792 161 3862 196.
174 3791 274 3864 Aspera
285 3810 338 3845 sorr
346 3792 466 3865 populis!
474 3792 573 3865 Aspera
618 3790 731 3858 Barthii,
740 3811 801 3843 cum
810 3793 918 3842 Taurin.
928 3805 955 3844 et
964 3793 1056 3844 Behot.
1067 3813 1125 3866 spn-

74 3866 133 3934 fon,
145 3860 359 3941 lindenbrogius
373 3884 399 3922 et
411 3870 489 3922 Cruc.
501 3870 573 3922 unde
619 3871 661 3922 tiis
674 3870 736 3923 hinc
748 3871 932 3941 omniajuua,
945 3885 972 3923 et
984 3873 1021 3923 sic
1033 3872 1125 3944 legen·

80 3950 174 4012 ncscio3
186 3949 284 4018 Aspera
298 3967 366 4014 sort,
381 3963 511 4002 testantur
525 3953 573 4003 Be·
619 3949 682 4000 dum
700 3962 777 4021 putot
796 3947 927 4000 Barthius.
946 3951 1039 4022 Margo
1060 3952 1123 4005 odit.

81 4020 127 4078 hot.
142 4032 258 4083 Petrens.
269 4029 351 4100 Laug.
364 4031 480 4103 Lipsiau.
493 4032 572 4085 baur.
619 4028 706 4081 Barth.
717 4029 805 4101 spatiis
816 4028 900 4092 hunc,·
908 4027 1079 4085 Marlrlandus
1090 4030 1125 4083 ad
