2646 4822
143 359 186 437 aa
379 360 414 420 p,
441 360 476 420 r.
503 355 658 420 suurn
682 353 958 419 Tareninus
1005 336 1010 345 '

185 485 372 577 Primaeque
384 483 600 577 occiduaeque
612 482 750 562 domus,
765 480 874 548 effusa
886 480 951 548 sub
963 482 1057 548 omni

182 600 287 662 Terra
299 611 400 689 atque
414 595 503 663 unda
517 596 570 662 die
584 622 590 660 :
605 593 725 662 mediis
738 617 810 660 sese
822 592 949 663 arduus
961 592 1066 659 infert

184 709 260 798 lpse
274 709 366 789 Deis,
379 706 513 798 placido
526 709 681 800 quatiens
694 721 811 771 tamen
823 706 936 770 omnia
948 700 1064 783 vultu,

182 816 400 923 stellantique
411 819 501 886 locat
512 818 615 886 solio:
630 841 692 884 nec
704 818 859 908 protinus
873 818 946 881 ausi

181 925 357 1010 Caelicolae,
371 931 507 996 veniam
519 927 627 994 donec
638 942 736 1018 pater
747 926 820 1016 ipse
833 922 974 991 sed'endi

179 1037 377 1130 Tranquillo
384 1032 483 1128 jubet
495 1061 568 1106 esse
579 1061 705 1104 manu:
724 1059 803 1102 mox
815 1032 914 1101 turba
926 1055 1092 1124 vagorum

131 1276 193 1330 Sitv.
213 1279 252 1344 11,
268 1296 293 1347 7,
313 1281 360 1347 14,
376 1281 453 1352 legit:
471 1283 560 1353 spatiis
576 1281 637 1332 haic
683 1293 758 1349 pater
765 1293 845 1351 atque
852 1278 992 1329 hominum
1001 1293 1046 1326 rex
1056 1272 1094 1325 sit

131 1355 221 1407 omnia
227 1359 315 1428 juxta.
330 1387 366 1398 --
377 1360 505 1411 Interiora
519 1359 591 1432 polo.
608 1360 637 1412 ld
682 1362 710 1411 in
722 1358 826 1420 sedem;
841 1371 924 1408 terras
938 1354 1009 1406 unde
1021 1352 1094 1406 ardut

130 1446 185 1499 est,
196 1436 355 1487 secretiore:
369 1438 422 1489 sive
434 1436 521 1489 medio
533 1437 566 1490 ab
577 1451 637 1490 ortu
683 1458 746 1504 nes,
760 1450 810 1501 etc.
822 1459 833 1483 a
854 1436 886 1486 Α.

130 1525 157 1563 et
173 1531 286 1564 occursu
301 1517 470 1568 conventuris
484 1516 636 1568 numinibus
720 1536 780 1572 202.
793 1518 852 1588 Ipse
863 1517 940 1580 Deis,
952 1513 1060 1586 placido
1072 1532 1094 1585 qi

131 1592 278 1659 spatiorum
302 1604 371 1644 esset
394 1611 470 1664 aequa
493 1594 637 1661 distantia,
683 1612 770 1651 tantan
790 1597 880 1648 omnia
900 1593 982 1645 valta.
1001 1594 1053 1642 «In
1069 1591 1094 1642 ill

132 1672 208 1740 quasi
225 1670 259 1722 ad
275 1670 410 1741 quoddam
429 1674 486 1726 caeli
505 1687 637 1726 secretum
683 1677 821 1728 datissimo
842 1673 921 1724 nobis
942 1672 1080 1742 perprisco

130 1749 269 1801 numinum
282 1750 348 1802 ordo
361 1751 509 1804 conveniat.
523 1752 637 1805 -Hiac
682 1755 752 1826 plari
775 1753 872 1805 diserte
898 1753 1027 1822 scriptum
1053 1760 1092 1802 est

132 1829 220 1879 omnia
229 1833 319 1901 juxta.
332 1833 368 1882 Ut
386 1833 510 1884 ostendat
527 1833 561 1885 ad
576 1851 637 1884 eum
682 1837 772 1894 Deus,·
799 1832 873 1904 quod
900 1849 1072 1903 nequaquam

131 1906 187 1958 caeli
196 1907 285 1959 locum
294 1913 404 1963 numina
414 1912 640 1977 convenisse‚cui
683 1933 780 1965 nino.»
808 1915 906 1964 Binan.
935 1912 994 1982 Ipse
1017 1910 1088 1963 Deus

128 1989 204 2056 juxta
216 2002 278 2040 sunt
290 1993 394 2053 omnia3
407 1990 436 2041 al
448 2004 504 2057 est,
516 1991 588 2043 unde
601 1994 638 2042 sic
684 1993 764 2043 etiam
777 1990 861 2042 codex
873 1989 1070 2060 manuscriptus
1082 1990 1094 2039 Ι

130 2065 271 2119 videantur
282 2073 386 2136 omnia,
399 2083 535 2140 tamquam
544 2073 636 2140 juxta;
685 2069 735 2123 Sed
743 2082 814 2123 totus
822 2088 914 2121 versus
922 2071 950 2120 in
958 2068 1094 2136 marginet

131 2148 550 2217 ergomediumcaeiiloeumdinit.
558 2150 636 2200 Lacr.
684 2164 805 2221 apparet.
818 2148 914 2200 Trahit
925 2147 1028 2208 omnia,
1039 2147 1094 2196 Tau

167 2242 226 2278 200.
244 2227 394 2299 Primoeqae
410 2228 572 2300 occiduaeque
591 2229 638 2280 do·
683 2226 794 2279 Placido
819 2226 903 2279 vultu.
928 2227 1064 2278 Summum
1089 2243 1094 2274 ε

129 2305 455 2358 mus.Taurin.occiduaeve
465 2307 562 2358 domus.
569 2309 638 2357 Mar·
684 2325 789 2376 semper
805 2307 947 2356 comitatur
965 2305 1084 2374 potentia

128 2399 163 2450 go
186 2381 227 2433 ed.
247 2380 335 2433 Barth.
358 2394 384 2434 et
401 2384 467 2437 sicca
485 2385 530 2437 sab
548 2385 638 2445 omni,·
683 2404 779 2456 maque
797 2404 934 2456 nunquam
952 2383 1051 2435 deserit
1065 2397 1094 2434 tr:

128 2458 251 2510 Barthius
271 2470 359 2510 tamen
379 2463 406 2511 in
425 2463 495 2514 notis
513 2461 549 2513 ad
569 2460 596 2513 h.
619 2461 637 2514 l.
684 2464 753 2518 litas.
784 2466 842 2516 Pax
868 2465 941 2516 ιῙουίς
966 2462 1095 2515 celebrati

128 2538 285 2608 proposuit:
306 2549 332 2589 et
346 2540 399 2592 visa
415 2542 460 2594 stab
477 2542 566 2604 omni;
580 2541 637 2594 vel:
685 2545 810 2596 omnibus
828 2547 866 2596 ira
878 2541 1045 2608 furentibus,
1059 2541 1094 2593 Tt

129 2625 207 2686 atque
218 2625 274 2667 usta
284 2616 330 2669 sub
340 2619 422 2671 omni.
435 2617 606 2671 Marklaudus
620 2621 637 2671 l.
684 2620 730 2674 lib.
743 2623 782 2688 X,
799 2624 859 2692 897.

129 2695 149 2744 I.
167 2704 193 2751 et
203 2694 269 2765 fusa
285 2697 330 2748 sub
343 2700 425 2751 amai.
440 2729 476 2739 -
489 2700 637 2772 Primaeqae
719 2707 779 2772 204.
791 2702 927 2757 caelicola.
939 2703 1033 2771 Superi
1042 2701 1088 2771 qui

131 2773 302 2848 occiduaeque.¹
327 2776 444 2830 Orientis
471 2797 637 2849 occasusque
682 2782 815 2834 habitant.
829 2783 871 2832 Sic
884 2779 957 2852 apud
968 2781 1094 2830 Maronen

131 2852 191 2904 loca
208 2851 338 2906 describit.
354 2887 391 2898 -
406 2856 514 2929 Effusa.
531 2860 636 2909 Patens.
682 2861 1094 2934 X‚6,Juppitereosspeciatima

129 2934 230 2985 —Sat
243 2936 316 2987 omni
328 2936 377 3017 die.
390 2936 420 2988 ld
432 2949 489 3003 est,
501 2938 551 2990 sub
564 2941 637 2990 omni
683 2941 816 3011 appellat:
834 2937 984 2990 «Caelicolae
996 2940 1094 3007 magni

130 3012 203 3064 caelo.
217 3015 346 3065 Lecrsn'r.
682 3038 745 3070 uam
762 3020 895 3071 sententia
913 3017 981 3069 sedit
996 3036 1094 3068 verser

167 3096 316 3147 aaaron
325 3097 539 3167 atqueaadadie.
552 3100 638 3170 Super
682 3126 718 3137 ·-
731 3096 853 3149 Veniam.
864 3094 894 3146 ld
905 3107 945 3146 est
953 3131 961 3157 ‚
970 3094 1057 3146 donec
1067 3097 1094 3147 Ji·

130 3174 202 3224 unda
216 3192 231 3225 a
245 3175 364 3226 secunda
375 3195 456 3227 manu
470 3177 523 3228 ima
535 3179 599 3249 Reg.
615 3179 636 3230 C
681 3189 809 3248 protensa
826 3192 907 3225 manu
923 3173 1094 3225 hortareturi

130 3253 239 3323 praebet.
257 3254 289 3304 A.
306 3284 342 3293 -
360 3254 458 3308 Mediis
474 3275 525 3309 sese
541 3258 638 3310 arduus
682 3254 801 3307 sedendi.
818 3256 922 3307 «Venia
935 3272 1017 3322 saepe,
1027 3277 1038 3299 n
1053 3251 1093 3303 hae

132 3332 220 3404 infert.
226 3332 257 3384 Id
265 3335 450 3406 est,Juppiter.
459 3337 491 3388 Ut
497 3338 570 3405 Virg.
577 3340 635 3388 AEn.
683 3353 714 3386 ex
725 3334 912 3386 observatione
921 3334 951 3384 C.
960 3330 1060 3383 Barthii
1070 3330 1094 3381 ht

131 3413 183 3478 lx,
197 3412 244 3463 28:
262 3413 371 3465 uMedio
384 3414 438 3467 dux
453 3417 556 3486 agmine
568 3419 637 3468 Tur·
683 3433 744 3466 cum
758 3414 888 3465 Lactantii
904 3431 936 3464 ex
947 3413 1030 3462 veteri
1048 3430 1094 3461 exe

88 3508 90 3517 ·
131 3509 181 3542 nus
191 3493 318 3559 Vertitur,
329 3512 402 3545 arma
413 3496 637 3548 omaso-Ar-
681 3495 868 3560 restituentis,
901 3505 966 3543 uest
993 3489 1094 3541 benefic

132 3569 638 3644 duusOportebatenim,utquimajor
681 3572 773 3643 virgil.
790 3574 850 3624 AEn.
870 3572 897 3636 1,
915 3570 981 3637 519:
999 3571 1093 3621 uOt'an

132 3651 260 3720 dignitate
277 3665 350 3717 erat,
363 3653 459 3708 celsior
475 3658 555 3708 etiam
569 3668 639 3709 esset
683 3653 765 3703 uiam.
775 3675 785 3698 a
796 3647 1094 3702 Lucrina—Veniant

133 3744 243 3783 statura.
255 3732 304 3783 Vel
318 3722 487 3802 arduus'hic,
502 3753 564 3785 cum
579 3753 640 3804 gra·
683 3750 733 3802 per
755 3729 861 3802 culpam
886 3727 1030 3798 supponit,
1053 3723 1094 3775 sei

131 3813 211 3863 vitate
228 3811 371 3878 incedens,
388 3814 461 3885 quod
478 3815 557 3866 etiam
576 3832 639 3864 con·
685 3832 779 3883 pacem
791 3825 817 3861 et
828 3811 945 3860 favorem
958 3808 1090 3876 significat

132 3893 204 3942 venit
222 3909 325 3942 summo
345 3895 468 3965 principi.
485 3895 640 3947 Consonum
687 3911 732 3959 ro,
741 3910 790 3962 pro
800 3888 891 3941 Rabir.
903 3884 933 3938 5:
951 3885 1013 3936 «Ab
1024 3888 1089 3937 Jove

134 3969 201 4021 illud
221 3971 411 4040 virgilianum,
434 3976 493 4025 AEn.
514 3974 556 4039 X,
580 3991 593 4024 2
616 3986 641 4023 et
688 3984 713 4023 et
724 3972 828 4021 veniam
840 3979 936 4039 peto.»
951 3968 985 4016 A.

137 4067 225 4120 seqq:
238 4051 460 4123 «Consiliumque
467 4065 545 4106 vocat
552 4050 642 4104 divum
725 4048 784 4102 205.
800 4049 932 4119 Vaporem
944 4044 1092 4097 Samideam
