2646 4822
562 378 705 442 LIBER
731 378 758 441 Ι.

141 544 155 567 a
178 506 317 600 Tydea?
327 505 488 597 laurigeri
500 504 785 573 subitosanvatis
797 502 929 572 hiatus?
990 580 993 584 ¹

178 622 287 708 Urget
298 632 333 684 et
343 613 502 684 hostilem
513 612 708 708 propellens
721 612 870 682 caedihus
881 637 1018 714 amnem

178 724 354 793 Turbidus
366 722 870 818 Hippomedon‚plorandaque
882 721 971 791 bellu
981 727 1131 818 protervi

176 836 343 918 Arcados,
357 851 460 930 atque
472 834 538 902 alio
550 838 727 927 Capaneus
739 832 880 901 horrore
892 832 1076 902 canendus.
1154 848 1189 915 45

129 1076 183 1126 tire
196 1076 290 1144 querit
305 1092 337 1126 ex
351 1070 432 1126 Mass
448 1090 528 1144 quem
544 1074 608 1126 velit
623 1092 638 1126 a
684 1071 1190 1145 amnsmlsmsnon.-Propellerttcae-
1245 1066 1247 1070 ⁴

129 1173 158 1206 se
181 1154 298 1225 primurn
320 1152 433 1204 heroum
452 1153 576 1205 describi.
598 1155 640 1205 Fi·
684 1155 773 1216 dibus3
791 1141 970 1206 ¹Cadaveribus
987 1153 1042 1205 sive
1060 1152 1189 1205 feneratis

128 1246 196 1302 gnra
210 1230 376 1302 diaporesis,
388 1231 481 1297 idest,
496 1229 640 1283 addubita·
685 1233 853 1305 corporibus,
862 1229 1191 1285 uteruditissimeGlosso·

127 1310 179 1362 tio.
186 1312 224 1361 Ut
231 1311 325 1362 llorat.
334 1309 407 1361 Odi
412 1310 534 1375 ‚111‚r3.
546 1310 640 1378 «Quid
685 1312 803 1383 graphus
826 1314 930 1383 priscus
950 1323 1040 1363 noster
1059 1309 1202 1382 loquitur..

128 1390 207 1460 prius
216 1387 306 1440 dicem
316 1387 400 1442 solitis
410 1390 529 1460 parentis
539 1387 640 1441 Laudi·
685 1393 783 1443 Bam.-
1030 1428 1033 1441 .

83 1467 222 1521 >husie
243 1469 374 1522 Lacraur.
389 1469 566 1520 -Haroum
580 1469 638 1521 Sci·
720 1471 764 1537 44.
781 1469 908 1523 Turbidus
916 1468 1120 1543 Hippomedon,
1127 1465 1191 1540 plo·
1306 1513 1310 1521 .

128 1547 192 1600 linet
203 1564 299 1601 eorum
312 1550 358 1620 qui
370 1548 547 1601 veneruntad
559 1567 640 1619 expe·
684 1552 819 1623 tendoque
830 1549 900 1601 helia
908 1550 1032 1621 protervi.
1043 1550 1191 1620 Hippome-
1228 1567 1230 1571 ’

129 1625 260 1680 ditionem
267 1624 432 1680 Thebanum.
443 1657 479 1670 -
489 1626 555 1681 Clio.
566 1627 638 1695 Clio,
684 1625 740 1678 don
753 1626 907 1679 Nesimechi
928 1645 960 1679 ac
981 1629 1085 1679 Nasica
1103 1626 1189 1692 filius,

130 1722 187 1756 nna
198 1724 230 1758 ex
242 1708 341 1767 Musis,
359 1708 438 1776 eujus
450 1724 547 1758 munus
564 1718 637 1770 erat,
684 1718 886 1777 unuseseptem
896 1705 1010 1757 ducibus
1019 1707 1190 1776 Argivorum,

129 1801 228 1836 canere
247 1787 319 1837 facta
338 1785 448 1836 fortium
466 1784 590 1836 virorum.
602 1812 639 1825 -
685 1786 748 1856 qui,
760 1784 825 1837 dum
837 1797 969 1857 pugnaret
981 1797 1076 1836 contra
1087 1784 1191 1837 Thebe-

129 1862 308 1916 lmrnode’en'm
333 1863 379 1915 iroe
404 1862 501 1933 Tydea.
531 1862 639 1936 Tydeus
683 1884 734 1917 nos
747 1866 776 1915 in
789 1869 894 1917 Ismeno
908 1865 1005 1932 durio,
1021 1865 1190 1937 multumque

130 1942 233 2009 (Enati,
252 1941 406 2015 Calydonia
422 1960 467 1995 seu
479 1942 580 1995 AEtoliae
595 1962 638 1995 re·
683 1945 840 2015 sanguinem
859 1944 978 1997 hostium
995 1943 1125 2010 fudisset,
1140 1962 1190 2014 pc-

128 2022 188 2090 55⁸,
205 2035 234 2073 et
251 2022 391 2095 Euryboeae
411 2022 496 2088 filins,
518 2041 587 2075 unus
607 2040 639 2074 ex
683 2025 742 2089 riit,
755 2023 836 2076 fluvio
850 2037 993 2077 crescente.
1008 2026 1066 2075 lloc
1080 2025 1108 2076 in
1120 2023 1189 2076 libro

129 2098 247 2153 ducibus
260 2102 372 2171 Argivis.
386 2103 420 2152 Et
432 2102 501 2153 bene
514 2101 579 2153 dicit
592 2105 639 2154 im-
683 2121 756 2154 nono
771 2104 885 2155 refertur
895 2121 910 2154 a
922 2101 974 2172 393
988 2102 1023 2153 ad
1035 2101 1095 2154 ⁵65.
1111 2103 1190 2155 Unde

129 2179 267 2234 modicum
277 2181 337 2233 irc:
349 2181 462 2247 nimium
472 2182 543 2232 enirn
552 2180 640 2234 indul·
683 2183 875 2254 Hippomedon
888 2182 1000 2246 dicitur,
1015 2202 1026 2228 e
1039 2182 1190 2253 propellere

130 2260 232 2325 sitires,
244 2277 329 2330 quum
340 2256 506 2330 Menalippi‚
519 2261 565 2331 qui
577 2276 639 2311 eum
684 2263 801 2314 coedibns
809 2260 933 2314 hostilem
941 2278 1055 2313 amnem.
1067 2260 1190 2314 s-Plo-

130 2336 245 2390 letaliter
258 2336 461 2401 vulneraverat,
478 2351 558 2408 caput
573 2337 639 2389 den·
682 2343 818 2413 randaque
838 2339 907 2393 bella
927 2341 1051 2412 protervi.
1074 2338 1190 2412 supple,
1227 2388 1232 2399 ,

129 2416 199 2472 tibus
211 2419 354 2482 laceravit,
375 2436 406 2470 ac
424 2417 563 2470 cerebrum
574 2421 638 2489 ejus
681 2434 831 2491 argentine
839 2419 873 2471 ad
882 2419 1067 2485 scribendum,
1075 2419 1119 2472 vel
1127 2435 1189 2472 sunt

131 2497 241 2550 mandit.
246 2497 309 2552 vid.
318 2511 442 2550 octavum
449 2497 637 2552 libranheh,
682 2499 823 2571 ploranda.
833 2526 870 2539 ·-
880 2499 1006 2552 Aroador.
1019 2497 1116 2565 idest,
1127 2501 1190 2553 Par-

132 2592 169 2629 te.
186 2577 250 2648 761.
364 2634 367 2640 ,
681 2575 1189 2649 thenopaeihrcedisiuniusedacibus

90 2651 92 2658 ⁴
163 2652 205 2721 ἦα.
213 2655 353 2728 hauripsri
360 2654 455 2708 subitos
463 2672 499 2706 att
508 2654 575 2704 vatis
583 2653 638 2703 hio·
681 2656 855 2726 Argivorum,
867 2656 915 2725 qui
926 2654 1069 2725 Meleagri,
1081 2653 1123 2705 vel
1132 2654 1190 2706 Me-

134 2742 175 2787 lus.
184 2737 280 2787 innuit
289 2733 481 2806 Amphiaraum
491 2746 579 2784 vatem
589 2734 639 2783 Ar-
682 2730 775 2798 lauiae,
786 2745 814 2784 et
821 2732 959 2782 Atalantes
967 2730 1045 2782 filius.
1053 2734 1124 2783 Dicit
1129 2732 1189 2802 plo·

134 2815 234 2882 girum,
256 2831 345 2866 unum
362 2831 377 2865 e
394 2813 509 2865 ducibus
526 2811 639 2880 Argivo·
683 2812 783 2876 rande,
797 2809 824 2860 id
839 2821 896 2875 est,
908 2809 1079 2861 miseratione
1092 2808 1188 2879 digna,

134 2910 203 2965 mm,
222 2899 270 2970 qai
289 2897 355 2949 dum
373 2895 529 2960 dimicaret,
548 2893 637 2946 subito
683 2890 748 2961 quia
758 2887 967 2958 Parthenopaeus
979 2888 1006 2938 in
1023 2887 1111 2940 medio
1125 2901 1189 2941 eta-

135 2985 202 3030 ieme
216 2977 295 3031 biatu
309 2979 451 3048 absorptus
464 2986 512 3028 cst.
524 3003 561 3014 -·
571 2976 639 3027 Lau·
683 2968 802 3036 tiedone,
813 2983 840 3020 et
848 2970 940 3040 primia
949 2966 1048 3020 militiae
1057 2968 1189 3021 rudimen·

135 3055 637 3130 dyrthuiaAmphiarauscrattrates>7
683 3048 717 3099 tis
733 3061 825 3119 raptus
845 3060 893 3099 est.
911 3046 977 3098 Vide
997 3045 1083 3098 Theb.
1103 3049 1187 3112 lX,a

137 3146 159 3186 et
176 3135 304 3190 sacerdos
322 3134 471 3206 Apollinis,
489 3133 566 3185 etsie
580 3131 638 3183 lan·
683 3125 735 3195 570
750 3125 786 3178 sd
799 3135 862 3196 907.

137 3231 188 3267 ram
197 3216 320 3281 ferebat,
331 3230 362 3268 ut
371 3217 476 3286 insigne
485 3230 539 3266 snoe
549 3212 637 3283 digni·
654 3224 658 3229 ·
717 3205 761 3273 45.
781 3205 940 3270 Panhenot,
954 3216 1033 3278 atque
1046 3206 1101 3260 alio
1115 3207 1188 3277 lege·

138 3296 200 3348 tetis.
406 3314 409 3321 ·
681 3288 728 3339 bat
744 3288 908 3339 lactantius.
928 3286 1036 3340 Honore
1055 3288 1188 3341 canendus

166 3376 209 3443 43.
242 3377 324 3449 Uryet
345 3382 372 3427 et
389 3366 509 3426 hostilem
528 3371 637 3445 proprib
682 3366 857 3420 unusBshot.
873 3382 992 3438 prover.
1007 3365 1070 3420 leet.
1088 3395 1124 3407 -
1137 3367 1187 3420 Ar-

141 3451 186 3507 letu
203 3455 315 3509 cedibus
327 3470 443 3505 amm.
463 3451 553 3503 Codex
567 3461 636 3502 unus
681 3466 733 3520 que
745 3446 799 3499 alio
818 3448 954 3519 Capaneus
970 3446 1073 3499 horrore
1088 3464 1186 3499 canen-

141 3526 223 3586 ehoe.
237 3546 308 3586 unus
330 3535 410 3586 etiam
428 3528 635 3601 Lindenhrogii:
681 3525 735 3578 durs.
756 3528 897 3597 Capaneus
911 3527 1050 3596 llippotre,
1066 3526 1108 3577 vel
1122 3526 1187 3595 Hip-

142 3608 223 3665 leetile
238 3612 391 3686 propellens
406 3611 515 3664 caedihus
532 3626 635 3683 spureo.
680 3605 782 3676 ponci,
799 3616 825 3655 et
834 3605 996 3676 Astynomioe
1006 3601 1088 3668 iilius,
1099 3616 1125 3654 et
1134 3623 1187 3656 ma·

141 3687 285 3746 lcetionem
302 3685 423 3744 nostram
444 3690 570 3744 exhibent
589 3690 637 3740 Pe·
681 3685 747 3734 ritus
755 3682 892 3746 Euadnes,
903 3681 968 3733 darn
981 3700 1072 3734 muros
1083 3681 1186 3735 Thebe-

144 3777 213 3824 trsns.
238 3771 311 3843 hlps.
332 3769 432 3824 Buslid.
455 3770 536 3838 hang.
558 3769 635 3819 Rom.
681 3761 1186 3834 nosscanderet‚fulmincoccisuspe
1269 3809 1271 3814 .

145 3839 199 3900 len.
209 3851 238 3917 ὃ,
249 3848 366 3918 mitid:
375 3846 462 3901 Golia.
471 3846 572 3920 Gryph.
583 3859 627 3898 ete
680 3845 734 3894 riit.
755 3845 860 3894 Dicitur
869 3841 955 3894 Theb.
968 3844 1021 3908 111,
1033 3843 1099 3908 602,
1117 3865 1127 3889 a
1139 3861 1186 3895 su—

147 3953 173 3965 -·
183 3930 288 3982 Habent
299 3933 381 4001 ngg.
396 3931 417 3980 B
430 3941 456 3979 et
468 3926 502 3992 G,
516 3925 636 3980 hostilem
681 3934 948 3995 perumccntemtor3
960 3945 971 3970 s
983 3940 1016 3974 aa
1023 3940 1054 3973 ea
1061 3923 1097 3974 de
1103 3940 1185 3976 cansa

153 4029 323 4062 mmmmm.
333 4011 366 4062 Δ.
374 4036 411 4048 ·-
422 4006 509 4080 Urpet.
516 4003 638 4076 Compel-
681 4019 698 4054 a
707 4004 773 4054 Jove
782 4001 895 4051 fulmine
904 4017 1057 4071 percussus.
1068 4003 1130 4054 Non
1139 4003 1185 4053 ian·

149 4077 450 4144 haeae-scribendum.
461 4082 636 4140 *Hostilm
682 4099 754 4154 pune
764 4098 865 4134 numen
874 4079 1072 4149 offendemus
1080 4099 1185 4153 semper
