2646 4822
138 403 181 467 36
373 405 408 464 P.
436 405 470 463 P.
497 399 651 464 sTn‘rn
676 400 952 468 THEBAIDOS

182 529 332 597 Armavit
342 528 462 594 fratres
476 553 482 592 :
496 550 612 618 pugna
625 542 676 592 est
686 525 728 593 de
740 552 888 620 paupere
901 554 1015 623 regno.

181 645 340 731 Dumque
352 654 427 704 uter
439 652 592 728 angustae
605 635 792 729 squalentia
800 634 919 730 jugera
932 642 1048 709 Dirces

181 755 349 829 Verteret,
362 764 421 814 aut
433 750 532 840 Tyrii,
540 747 624 816 solio
636 771 705 814 non
718 747 806 814 altus
819 768 934 818 ovaret
982 822 985 829 ,

180 860 329 943 Exsulis,
342 860 536 950 ambigitur,
548 860 648 950 periit
655 856 729 950 jus,
742 859 876 953 fasque,
891 861 1049 957 bonumtp

169 977 221 1039 Et
232 975 326 1055 vitae,
339 972 525 1063 mortisque
536 969 657 1061 pudor.
670 974 745 1056 Quo
757 970 894 1038 tenditis
906 973 988 1055 iras,

179 1083 230 1150 Ah
241 1083 374 1149 miseri?
387 1080 468 1174 quid
480 1082 509 1146 si
520 1094 693 1172 peteretur
704 1083 844 1148 crimine
856 1098 950 1151 tanto

177 1195 290 1260 Limes
302 1207 447 1285 uterque
458 1190 545 1284 poli,
559 1215 661 1286 quem
673 1190 728 1259 Sol
741 1193 884 1259 emissus
895 1198 967 1289 ¹Eoo

177 1303 337 1386 Cardine,
352 1327 454 1397 quem
464 1319 565 1396 porta
577 1327 721 1395 vergens
733 1322 928 1397 prospectat
940 1307 1049 1375 Iberai

177 1419 337 1500 Quasque
349 1413 468 1504 procul
480 1429 588 1481 terras
601 1414 739 1508 obliquo
752 1415 861 1482 sidere
872 1421 979 1509 tangit

178 1526 297 1608 Av'ius,
310 1541 369 1592 aut
380 1530 488 1593 Borea·
496 1525 639 1620 gelidas,
653 1525 823 1596 madidive
835 1544 987 1621 tepentes

129 1733 196 1806 piis,
207 1734 318 1805 Diisque
330 1731 495 1787 honorandis
508 1734 636 1788 adhiben·
681 1754 739 1805 que.
754 1737 801 1786 Jus
812 1734 902 1805 legum
917 1749 972 1800 est;
987 1739 1049 1807 quia

132 1811 196 1862 dum
209 1825 292 1879 esset,
304 1831 360 1868 non
372 1813 489 1865 ferendis
502 1813 576 1864 cibis.
588 1811 637 1862 Vel
682 1815 715 1863 sit
727 1812 812 1865 foedus
822 1836 828 1864 ε
836 1813 883 1882 fos
893 1813 1049 1877 hominum3

132 1888 207 1961 quod
224 1892 281 1940 auri
296 1891 378 1955 radii,
394 1893 439 1960 qui
451 1890 493 1942 vel
509 1890 544 1942 ad
556 1892 638 1941 mini·
682 1901 735 1940 tres
756 1903 851 1941 contra
873 1909 900 1942 se
922 1910 995 1943 arma
1017 1912 1048 1945 su

131 1967 637 2040 mumhalitumcessant,dapiumfumo
671 1968 1047 2040 ,bonumquiausqueadinte

132 2068 163 2101 ac
177 2048 342 2119 pinguedine
357 2049 544 2115 obscurentur,
559 2063 588 2100 ut
604 2048 638 2099 ad
683 2060 839 2115 gnaverunt.
859 2049 988 2100 Lacutur.

133 2128 207 2180 hune
226 2127 316 2179 locum
333 2126 477 2180 Barclaius.
496 2159 532 2168 -
549 2130 637 2181 Nuda.
681 2164 684 2169 -
722 2123 780 2176 155.
800 2127 836 2178 Et
853 2128 915 2178 uitoe
934 2132 1049 2202 mortisqt

130 2208 164 2259 Jd
174 2220 227 2273 est,
241 2207 282 2258 his
295 2210 374 2259 etiam
384 2207 485 2260 deliciis
496 2208 637 2275 destituta,
683 2205 753 2272 Quia
763 2208 861 2256 mutuis
871 2209 974 2277 periere
983 2209 1047 2261 vuln

136 2305 194 2357 quae
208 2305 280 2336 nunc
293 2285 416 2338 affluunt.
684 2285 793 2334 cremati
812 2297 874 2335 sunt
893 2305 1022 2356 rogorum
1037 2288 1049 2338 d

174 2364 232 2417 151.
250 2366 291 2416 Dc
300 2383 415 2436 paupere
428 2384 515 2438 repno.
527 2369 639 2436 Propter
684 2362 755 2415 tibus
769 2361 889 2415 flammis.
900 2396 936 2404 —
948 2366 1004 2436 Quo
1016 2379 1049 2419 tet

135 2443 274 2495 Eteoclem
286 2455 312 2494 et
321 2444 487 2519 Polynioem,
499 2445 639 2516 quiciviiin
684 2440 858 2511 Apostrophe
874 2441 908 2493 ad
921 2442 1025 2495 fratres.

131 2522 206 2574 ‚bella
218 2535 371 2592 gesserunt:
384 2523 447 2574 dicit
461 2542 572 2595 regnum
584 2542 639 2574 non
725 2515 782 2571 156.
802 2519 846 2569 Ha
865 2519 952 2570 miseri
973 2520 1049 2572 codd.

136 2601 640 2675 esseidoneum,propterquodfratres
686 2598 755 2647 Dan·
771 2609 797 2648 et
808 2599 895 2648 PetaV·
910 2599 984 2668 quod
996 2620 1049 2671 rep

137 2681 199 2733 odia
212 2683 415 2733 suscitaverunt.
433 2682 579 2752 Exequitur
589 2699 641 2752 po·
687 2676 781 2728 denbr.
794 2676 837 2727 Aa
849 2677 943 2729 Behot.
958 2693 983 2731 et
994 2682 1049 2732 Peti

138 2761 284 2812 tentissime
298 2777 380 2829 regna
393 2760 469 2811 varia
484 2757 641 2829 descriptio·
687 2756 709 2805 si
725 2765 877 2824 peterentur
893 2758 1010 2809 Petrens.
1028 2789 1049 2798 -

138 2859 182 2893 ne.
202 2841 334 2892 Licrnnr.
688 2833 824 2895 Amisus,-
834 2835 897 2905 Reg.
909 2837 943 2899 C,
956 2837 999 2886 Ab
1010 2839 1049 2889 mi

178 2919 236 2972 152.
249 2921 371 2990 Dumque
384 2929 450 2970 uter.
464 2919 592 2969 Boeotiam
605 2915 643 2966 di·
690 2913 762 2982 Quid
769 2915 791 2965 si
797 2927 928 2986 peteretur
936 2919 1046 2969 crimine

139 3001 177 3052 cit
188 2998 294 3064 Cadmi,
308 2999 354 3067 qui
366 3016 381 3047 a
392 3010 466 3066 patre
479 2997 571 3066 pulsus
586 3015 645 3066 per·
689 2994 787 3044 citnon
798 2998 949 3064 oportuisse
960 3015 976 3047 a
985 2998 1049 3048 fratr

141 3073 644 3130 actoexsiliocondiditThebas.--Au·
691 3064 777 3140 sumi,
793 3093 843 3126 nec
859 3077 881 3125 si
898 3075 958 3127 ideo
973 3095 1047 3148 pugn

135 3169 220 3232 pustoe
229 3158 324 3208 Dirces.
336 3158 385 3206 Per
395 3148 535 3224 angustam
546 3155 645 3206 Dircen
690 3172 759 3205 unus
780 3152 851 3206 orbis
870 3155 1013 3225 imperium
1030 3176 1049 3227 p

133 3235 414 3308 ,intelligitBoeotiam,
425 3253 544 3305 quaenon
555 3234 646 3286 admo-
691 3232 733 3282 vel
757 3233 779 3283 si
807 3231 862 3282 caeli
888 3235 1024 3304 possessio

143 3313 208 3365 dum
223 3314 278 3366 lata
291 3325 339 3371 est.
692 3313 818 3362 Lucrum,

173 3391 241 3445 uss.
256 3395 324 3446 ‘Non
333 3391 402 3445 altus
410 3403 506 3444 ovaret.
516 3393 647 3444 Nonnulli
730 3388 875 3460 1-57-160.
896 3383 981 3443 bimis
999 3404 1049 3444 uter

139 3472 286 3526 ,eoddmon
295 3472 368 3525 loetus
375 3485 470 3538 ovaret,
478 3473 646 3543 improbante
691 3489 769 3543 quem
781 3470 829 3523 Sol
839 3472 944 3524 emissus
951 3474 1021 3527 Eoo.
1034 3474 1049 3523 Ἰ

145 3551 299 3604 Barthio.-
305 3550 646 3623 Nostrdeotionemfflegg.
693 3549 782 3601 missus
792 3551 864 3612 Eoo,·
873 3551 970 3603 Behot.
984 3556 1050 3603 mnu

137 3632 165 3680 ,Β
176 3642 203 3680 et
214 3629 249 3696 C,
264 3629 397 3681 exhibent.
409 3628 441 3679 A.
456 3658 492 3668 -
504 3630 567 3681 Non
579 3629 648 3681 ultus
693 3647 716 3681 e.
731 3647 878 3690 mensurus5
893 3642 919 3680 et
933 3631 970 3681 sic
985 3632 1049 3681 Lact

145 3719 241 3760 ovaret.
253 3708 330 3760 Altus
339 3708 466 3777 Magnus,
477 3721 503 3759 et
515 3721 554 3759 est
564 3707 629 3760 ordo
639 3732 644 3759 :
693 3709 746 3760 sius
759 3708 793 3759 ad
803 3707 880 3761 Ovid.
890 3709 961 3759 Fast.
971 3711 1022 3774 111,
1036 3710 1049 3761 3

146 3786 211 3839 dum
219 3787 545 3858 ambigituruterfra'trum
557 3801 647 3839 ovaret
693 3790 741 3838 teri
752 3785 844 3838 codice
854 3786 931 3858 legit:
943 3807 1049 3841 emersit*

144 3864 645 3939 insolioTyriiexsulis,hocestCadmi.
691 3867 751 3917 Bet
765 3869 798 3930 C,
813 3885 890 3938 quem
903 3868 949 3919 Sol
961 3869 1049 3920 enrissu

148 3949 260 4014 -Non
276 3947 346 3999 altus
362 3948 424 4018 quia
442 3946 575 3998 modicum
591 3959 647 3998 erat
691 3975 727 3984 --
740 3947 821 4014 Quem
836 3959 913 4017 portu
931 3966 1049 4021 serpens¹

146 4044 266 4096 regnum.
285 4026 413 4076 Lucrum.
691 4025 783 4075 lbera?
794 4027 903 4077 Taurin.
916 4024 1009 4078 Behot.
1024 4029 1048 4078 D

185 4102 242 4170 154.
256 4103 340 4167 Periit
342 4106 402 4174 jus,
413 4103 524 4176 fasque,
538 4103 646 4154 bonum·
692 4121 784 4156 omnes
798 4104 896 4157 Barthii
906 4124 998 4172 ,unus
1013 4107 1049 4157 Bu
