2646 4822
629 479 981 603 'ARGUMENTA

450 698 721 764 ttnaouuu
750 693 829 760 xtt
858 699 1175 833 cuneatum,

518 901 557 940 EX
571 899 789 941 vetustissimo
803 899 912 940 comer.
925 881 1093 940 TOOETANOi

346 1056 490 1124 Solvitur
501 1055 536 1117 in
548 1050 657 1116 Primo
669 1053 809 1118 fratrum
821 1051 1000 1119 concordia
1010 1052 1107 1118 libro.

344 1166 495 1250 Denegat
507 1172 541 1223 et
552 1156 679 1237 foedus,
692 1158 901 1249 repetitaque
914 1182 1016 1248 regna
1027 1153 1198 1226 Secundus.

346 1268 467 1349 Tertius
479 1266 514 1329 in
526 1263 659 1329 Thebas
671 1264 855 1330 inflammat
866 1266 988 1330 Dorica
1000 1282 1113 1331 castra.

343 1378 381 1439 ln
391 1373 522 1462 Quarto
533 1373 667 1436 Mavors
679 1370 768 1436 bello
781 1374 868 1460 rapit
879 1371 1030 1464 undique
1043 1373 1170 1439 Graios.

345 1479 483 1567 Quintus
495 1492 528 1542 et
540 1477 740 1566 Hypsipyles
751 1477 860 1542 luctus
874 1494 1050 1568 namatque
1063 1476 1206 1543 dolores.
1256 1514 1257 1517 ¹

340 1585 534 1653 Archemori
545 1581 659 1650 Sextus
670 1581 769 1649 ludos
781 1581 826 1647 ad
838 1584 956 1655 funeta
967 1582 1070 1651 ducit.

338 1688 496 1786 Septimus
508 1692 658 1757 obsessas
670 1688 822 1768 Thebas,
834 1691 986 1780 vatisque
999 1691 1198 1780 sepulcrum.

338 1799 469 1869 Occidit
484 1799 602 1863 Octavo
613 1796 799 1883 Menalippi
811 1796 951 1884 cuspide
963 1797 1110 1888 Tydeus.

270 1956 273 1965 .
338 1903 612 1994 Hippomedonta
624 1904 694 1967 solo
707 1900 764 1965 dat
776 1902 885 1967 Nonus
897 1920 930 1969 et
942 1903 1069 1970 Arcada
1081 1903 1169 1969 telo.

337 2010 483 2101 Cuspide
496 2008 657 2074 fulminea
668 2006 822 2071 Decimus
834 2010 1000 2101 Capanea
999 2012 1138 2078 terebat.

259 2128 264 2151 ¹
341 2118 528 2194 Undecimus
529 2115 636 2228 ‚parili
644 2137 823 2235 germanos
836 2117 975 2182 funere
962 2118 1084 2207 Jungit.

339 2223 473 2290 Ultimus
475 2206 668 2345 (pippine
640 2222 696 2287 dat
708 2208 985 2324 munere‘fhesea
997 2224 1142 2291 Thebas.
1236 2322 1237 2329 ἵ

564 2382 632 2529 ἰζῖτξ
657 2415 850 2485 e*-
961 2475 966 2482 .

238 2664 244 2671 .
315 2602 434 2672 Aliud
426 2629 462 2671 tn
471 2579 883 2719 veteribusIsbsm'Egitur
892 2606 995 2672 tonus
1006 2607 1126 2699 Operis
1136 2611 1314 2700 Argumen

268 2732 359 2801 tum;
371 2715 437 2784 hoc
448 2738 589 2807 nempe

367 2839 504 2899 Associat
518 2836 689 2919 profugum
703 2837 824 2895 Primus
837 2835 945 2916 Tydeo
960 2836 1150 2918 Polynicem.

259 2998 261 3007 ,
365 2934 470 3017 Tydea
484 2933 619 3014 legatum
633 2931 739 3006 docet,
754 2929 961 3011 insidiasque,
977 2934 1138 2998 Secundus.

371 3034 481 3092 Tertius
494 3028 720 3089 Hermonidem
733 3029 834 3103 canit,
849 3041 879 3088 et
892 3043 976 3090 vates
990 3029 1155 3094 latitantes.

369 3131 494 3214 Quartus
507 3126 601 3187 habet
615 3146 718 3207 reges,
733 3127 875 3186 ineuntes
889 3127 1013 3210 praelia,
1029 3149 1155 3213 septem.

365 3229 440 3287 Mox
456 3226 546 3286 furiae
559 3226 625 3285 seni
641 3226 749 3308 Quinto
763 3238 946 3301 narrantur,
961 3240 991 3287 et
1005 3231 1125 3310 anguis.

340 3395 344 3404 ¹
366 3325 545 3387 Archemori
559 3325 703 3398 bustum,
717 3326 824 3400 Sexto,
839 3324 968 3408 ludique
981 3327 1138 3409 leguntur.

363 3427 426 3485 Dat
439 3423 548 3483 Graios
563 3421 694 3498 Thebis,
709 3437 739 3483 et
752 3437 855 3485 vatem
870 3427 1015 3508 Septimus
1028 3430 1157 3490 umbris.

365 3521 473 3580 Octauo
487 3515 595 3576 cecidit
608 3518 746 3600 Tydeus,
762 3540 830 3601 spes
844 3518 908 3580 fida
923 3521 1065 3604 Pelasgis.

363 3612 586 3698 Hippomedon
599 3617 689 3676 Nouo
703 3618 857 3696 queritur,
872 3640 943 3678 cum
958 3619 1184 3705 Parthenopen.

362 3711 505 3774 Fulmine
519 3732 677 3793 percussus
691 3717 812 3775 Decimo
827 3717 990 3798 Capaneus
1004 3730 1175 3799 superatur.
1294 3753 1318 3782 1.

366 3809 527 3871 Undecimo
540 3830 603 3869 sese
617 3813 775 3892 perimunt
788 3834 844 3895 per
856 3812 986 3874 vulnera
1000 3812 1118 3875 fratres.

362 3907 485 3986 Argiam
499 3906 624 3968 flentem
638 3920 792 3968 memorat
805 3908 981 3984 Duodenus,
999 3922 1029 3969 et
1043 3911 1139 3992 ignes.
