2646 4822
455 413 595 476 LIBER
621 414 646 474 I.

10 520 12 537 Ι
86 549 179 630 Atria,
193 558 371 636 congestos
384 543 464 609 satis
477 539 675 639 explicitura
688 537 836 606 clientes.

32 696 33 701 κ
88 665 149 726 Non
160 657 337 748 impacatis
349 676 469 746 regum
481 650 698 745 advigilantia
709 655 841 751 somnis,

87 769 160 851 Pila,
172 793 237 835 nec
249 766 379 835 alterna
389 766 469 831 ferri
482 766 624 831 statione
637 776 809 856 gementes

87 879 250 960 Excubiae,
263 891 326 946 nec
338 894 419 944 cura
431 899 525 943 mero
538 878 749 944 committere
762 897 928 966 gemmas,

87 996 183 1086 Atque
195 1002 318 1056 autum
328 987 455 1057 violare
466 986 561 1055 cibis.
576 985 641 1056 Sed
652 985 744 1054 nuda
756 1001 905 1078 potestas

57 1196 75 1234 et
81 1183 171 1237 Gevart.
182 1195 230 1235 aut
237 1183 291 1235 alte
300 1185 368 1236 Dan.
379 1196 406 1235 et
417 1185 534 1236 Petrens.

21 1254 25 1265 ⁸
58 1264 110 1332 quod
122 1265 261 1336 proposuit
279 1265 445 1328 Bernartius,
462 1281 535 1314 rece·

57 1355 133 1410 perurit
154 1340 334 1412 Lindenbrog.
362 1342 440 1394 Cruc.
465 1340 534 1391 Dan.

57 1421 125 1474 Heius.
148 1421 268 1473 Gronov.
294 1434 321 1472 et
346 1433 445 1473 recent.
468 1418 536 1472 Vide

57 1498 124 1551 Barth.
142 1498 176 1551 ad
193 1497 288 1550 Claud.
308 1498 396 1551 Rufin.
417 1501 457 1565 11,
477 1498 535 1550 136.

57 1579 93 1629 Pto
104 1578 198 1651 effulta
212 1577 306 1629 Behot.
319 1591 345 1629 et
358 1577 465 1630 codices
477 1579 538 1629 Lin-

56 1655 174 1729 deohrogii
182 1650 311 1728 staffulta,
324 1656 397 1726 quod
406 1656 450 1708 ille
461 1675 539 1727 repo-

10 1798 12 1813 ,
56 1738 223 1807 suit—Regg.
234 1738 290 1787 Bet
299 1736 333 1803 C,
344 1748 429 1788 nostr.
439 1735 539 1787 lect.—

10 1818 12 1837 ²
55 1817 127 1871 Dahis
138 1817 318 1869 videExcurs.
338 1815 370 1866 A.

10 1874 13 1949 i
83 1897 131 1962 ild
153 1896 222 1949 Satis
242 1894 400 1966 explicitura
423 1893 536 1945 clientes.

10 1966 15 2045 3,
54 1973 540 2043 Romulos,utomnessuoenovoereipu·

54 2049 112 2105 blica
123 2067 210 2124 partes
223 2054 339 2104 strictius
352 2055 538 2122 conjungeret,

55 2131 76 2181 in
83 2148 208 2204 unamque
220 2134 297 2204 quasi
308 2130 450 2183 reduceret
461 2132 540 2183 fami-

55 2208 114 2278 liam,
125 2213 223 2278 sanxit,
234 2223 266 2261 ut
276 2211 412 2262 tenuiores
427 2212 497 2262 cives
510 2226 540 2264 se

10 2302 13 2317 ¹
55 2287 319 2344 duentiualientelam
327 2289 538 2361 potentioribus,

56 2386 134 2442 eosque
147 2371 273 2424 omnibus
293 2371 387 2421 officiis
405 2368 537 2421 colerent:

10 2476 22 2521 χ
56 2464 201 2504 contravero
209 2452 378 2522 potentiores
390 2468 482 2502 eorum
492 2468 539 2501 cu-

10 2576 12 2583 .
56 2545 98 2580 ran
108 2543 242 2602 gererent,
259 2543 286 2581 et
302 2546 319 2580 a
332 2527 457 2580 violentie
469 2529 539 2598 inju-

10 2606 14 2663 s
56 2608 133 2682 riisqne
151 2609 264 2663 aliorum
286 2607 464 2660 defenderent.
485 2609 540 2658 Pri·

10 2702 13 2731 ῑ
56 2704 98 2741 uos
105 2692 205 2743 vocavit
216 2688 334 2754 clientes,
346 2684 442 2739 alteros
450 2695 539 2756 patro-

10 2766 17 2837 ζ
57 2766 538 2833 totilincmoxinductus,utclientes

10 2840 15 2867 '⁵
57 2848 83 2899 td
97 2855 274 2923 potentiorum
292 2853 359 2902 atria
376 2867 454 2900 mane
474 2866 537 2899 con·

57 2922 116 2982 luere
127 2931 257 2996 solerent,
271 2927 405 2980 salutandi
419 2945 465 2978 eos
480 2944 538 2997 gra·

58 3006 224 3061 msalutatio
241 3020 330 3059 autem
346 3006 419 3072 haec,
434 3023 490 3056 non
509 3007 537 3055 in

56 3083 157 3139 interiore
165 3087 264 3139 domus
273 3098 364 3156 parte,
377 3083 461 3136 sedin
471 3085 537 3134 atrio

56 3158 260 3228 fleha13ideobaec
268 3162 538 3234 atriaquammaxime

56 3245 123 3315 tripla
140 3258 229 3311 erant,
248 3255 279 3295 ut
297 3245 464 3295 continerent
481 3243 538 3292 sine

57 3323 155 3378 molestia
164 3323 319 3377 salutantes.
332 3319 537 3375 Observandum

57 3413 85 3451 ⁸81
100 3407 172 3456 etiam
193 3403 257 3470 bic,
280 3403 420 3473 Papinium
445 3419 537 3453 omnes

56 3481 240 3534 consuetudines
260 3483 440 3533 Romanorum
462 3481 536 3532 Grae-

56 3558 214 3628 sorbuere,
235 3574 267 3612 ut
284 3561 371 3613 videre
391 3574 430 3612 est
450 3559 536 3630 pluri-

56 3632 93 3689 lus
107 3643 133 3692 in
149 3643 215 3694 locis
234 3640 387 3693 Thebaidos
406 3653 432 3690 et
447 3638 537 3690 Achil-

57 3711 128 3774 leidos.
504 3741 506 3745 ·

85 3798 132 3868 1⁴7.
148 3800 291 3871 Impacatt's
310 3817 407 3871 regum.
430 3796 536 3864 Quibus

60 3889 172 3948 vulpeum
185 3878 300 3930 dormiat
317 3881 474 3948 Imperator,
489 3875 536 3928 ha·

60 3945 107 4006 ltus
119 3959 184 4010 circa
200 3959 268 4010 atria
282 3974 389 4027 semper
403 3968 534 4018 armatos3

10 4052 12 4059 ·
36 4070 42 4077 -
61 4039 120 4114 flur
134 4055 239 4090 sensusi
253 4038 316 4088 Non
331 4054 421 4107 regum
436 4035 535 4086 somnis

10 4130 13 4141 ·
62 4119 172 4180 urucam
184 4118 238 4190 pila
248 4117 382 4187 vigilantia
393 4126 482 4180 erant,
498 4131 533 4166 sc.

1033 998 1082 1051 150

580 1181 616 1234 ad
625 1181 775 1250 custodiam
784 1199 876 1252 regum
886 1202 892 1231 :
902 1199 953 1251 pro
963 1181 1028 1252 ipsis
1038 1182 1084 1253 qui

579 1259 702 1330 vigilant:
716 1259 781 1311 dixit
792 1258 985 1330 metonymicris
997 1276 1045 1328 per
1056 1257 1084 1309 id

581 1338 654 1410 quod
662 1341 796 1406 continet,
804 1335 832 1389 id
842 1336 916 1408 quod
924 1338 1084 1389 continetur.

579 1420 707 1471 Lscrsnr.

621 1496 679 1564 148.
698 1499 755 1550 Nec
773 1496 875 1549 alterna
888 1496 959 1567 ferri
976 1495 1087 1547 statione

580 1577 852 1651 pementesExcuhioe.
860 1576 944 1630 Statio
955 1574 1028 1647 apud
1037 1576 1087 1625 La·

583 1658 654 1708 tinos
664 1656 771 1708 diversis
779 1656 865 1707 modis
875 1658 997 1708 sumitur.
1006 1656 1088 1724 Signi·

583 1734 645 1786 ficat
652 1736 739 1804 primo
747 1733 884 1786 cohortem
892 1733 1019 1798 militum,
1030 1751 1088 1804 quae

584 1827 645 1866 ante
658 1815 729 1866 fores
741 1814 834 1885 palatii
848 1814 1012 1867 excubabat:
1029 1832 1090 1889 qua

582 1897 658 1945 ¹notio
673 1906 712 1945 est
726 1891 807 1965 hujus
820 1893 888 1945 loci:
905 1896 932 1947 2⁰
945 1895 1086 1946 Cohortem

582 1974 714 2040 militum,
727 1992 785 2045 quae
796 1993 846 2044 per
856 1976 1008 2045 provincias
1023 1993 1089 2026 con·

584 2064 626 2102 tra
639 2050 756 2103 latrones
769 2050 965 2115 collocabatur3
979 2053 1007 2104 3⁰
1018 2053 1088 2104 Mili·

584 2146 624 2185 tes
638 2134 665 2182 in
675 2133 741 2184 urbe
753 2130 795 2184 vel
807 2135 899 2185 castris
913 2133 1086 2195 excubantem

584 2212 613 2279 4⁰
623 2210 779 2273 officinam
793 2210 820 2262 5⁰
831 2213 975 2282 Jejunium.
986 2212 1088 2264 Deinde

584 2311 634 2363 pro
661 2311 772 2342 munere
800 2310 847 2343 seu
873 2294 964 2344 officio
991 2296 1088 2364 passim

584 2383 737 2441 usurpatur,
756 2384 786 2422 ut
806 2373 883 2422 statio
905 2374 1087 2442 imperatoria.

583 2480 620 2492 ·-
632 2451 752 2503 Alterna.
767 2453 836 2518 Quia
851 2442 976 2506 cohortes
990 2473 1040 2523 per
1050 2455 1090 2505 vi-
1119 2473 1121 2476 ⁴

583 2549 628 2582 ces
641 2524 826 2599 excubabant,
838 2545 867 2583 ut
878 2551 967 2598 nunc,
981 2532 1089 2605 aliaeque

584 2610 641 2663 aliis
661 2610 851 2663 succedebant.
867 2613 977 2663 Benaco.
989 2642 1026 2651 —
1041 2617 1088 2664 Ge·

582 2699 696 2741 mentes:
710 2691 839 2741 «Servitio
847 2693 926 2741 etiam
933 2705 1017 2742 noctu
1027 2709 1089 2742 con-

583 2764 725 2817 tinuando.
734 2768 824 2817 innuit
831 2766 935 2819 occulte
946 2767 980 2819 ab
990 2767 1032 2819 his
1043 2771 1087 2840 ip-

583 2846 618 2895 sis
636 2847 773 2896 imminere
788 2844 937 2916 periculum
955 2847 1088 2919 Regibus,

584 2926 645 2997 quia
666 2924 768 2978 scilicet
786 2928 861 2978 inviti
879 2929 1006 2979 stationes
1028 2947 1088 2980 suas

584 3018 688 3058 servent
696 3008 826 3078 armigeri.
836 3029 847 3053 n
857 3004 1087 3079 Glossographus,

585 3099 661 3138 acute
672 3087 818 3159 probeque.
838 3088 935 3139 Binan.

623 3167 679 3236 149.
699 3170 756 3221 Nec
766 3185 827 3219 cura
836 3185 908 3218 mero
918 3170 1085 3222 committere.

582 3244 710 3296 Nondum
728 3247 765 3297 eis
781 3246 887 3297 luxuria
903 3261 1022 3299 suaserat
1036 3267 1087 3320 po-

582 3323 643 3374 cula
650 3321 750 3375 habere
757 3337 900 3395 gemmata:
910 3326 982 3394 Virg.
990 3326 1086 3396 Georg.

581 3401 628 3453 lib.
642 3404 679 3467 Il,
694 3421 731 3455 vs.
746 3402 814 3455 506:
831 3415 882 3453 «ut
893 3422 996 3472 gemma
1010 3403 1087 3457 bibat

583 3495 609 3532 et
621 3480 735 3532 Sarrano
752 3481 867 3533 dormiat
885 3495 989 3533 ostrum
1009 3486 1086 3535 Com-

581 3562 682 3613 mittere
702 3575 791 3612 autem
814 3564 880 3613 mire
901 3561 1000 3613 dictum
1025 3565 1085 3625 est,

582 3643 659 3712 quasi
675 3640 709 3692 ad
721 3641 891 3712 periculum':
908 3658 965 3712 quaa
976 3659 1087 3711 possent

580 3720 669 3790 frangi
682 3721 751 3771 inter
762 3718 925 3790 trepidantes
937 3722 1086 3788 ministros,

582 3812 608 3850 et
620 3799 778 3868 semigraves
788 3800 850 3850 vino
860 3800 994 3852 convivas.
1007 3801 1083 3853 Lacr.

620 3877 678 3930 150.
697 3877 786 3948 Atque
797 3895 894 3926 aurum
910 3877 1002 3930 vitiare
1014 3880 1083 3932 cibis.

580 3957 627 4007 Est
638 3957 665 4006 in
678 3957 862 4026 antiquissimo
872 3954 965 4008 codice
976 3957 1083 4010 Barthii.

580 4034 734 4084 —Aurum
742 4033 844 4084 Aureae
852 4029 941 4086 lances
951 4035 1082 4107 intelligit.

581 4145 616 4155 -
625 4116 650 4172 V
650 4114 738 4168 iolare.
747 4114 831 4181 Quasi
842 4113 936 4167 aurum
948 4116 1011 4170 solis
1021 4130 1084 4169 tem·

822 4208 939 4285 ¹3.
