2646 4822
459 363 494 423 r.
521 344 560 423 n
580 360 734 425 srArn
758 359 1036 427 rueramus

268 486 456 577 Augurium
468 508 559 553 seros
572 484 698 552 dimisit
710 484 863 579 adusque
874 493 1035 578 nepotes?
1128 516 1135 525 ¹

266 598 398 676 Cernis,
408 612 447 662 ut
458 609 609 673 erectum
620 610 716 661 torva
729 592 793 662 sub
804 593 916 663 fronte
927 596 1077 663 minetur

267 708 390 774 Saevior
400 730 580 798 assurgens
592 706 707 773 demto
720 723 875 774 consorte
886 713 1055 798 potestas?

265 820 357 901 Quas
369 822 454 909 gerit
465 842 523 885 ore
536 820 666 885 minas?
677 833 804 912 quanto
817 821 941 911 premit
951 821 1065 886 omnia
1078 821 1190 888 fastu?

266 930 372 995 Hicne
383 952 535 1023 unquam
548 931 699 1021 privatus
712 933 795 997 erit?
806 947 922 999 tamen
933 930 989 999 ille
1001 933 1154 1025 precanti

265 1041 370 1120 Mitis,
383 1056 417 1107 et
427 1040 534 1106 affatu
547 1040 658 1108 bonus
671 1057 704 1107 et
714 1043 898 1132 patientior
908 1045 1008 1136 aequi.

263 1149 351 1234 Quid
363 1153 509 1216 mirum?
521 1174 590 1216 non
603 1151 695 1218 solus
710 1169 793 1218 erat.
808 1158 876 1219 Nos
889 1152 964 1219 vilis
977 1153 1012 1218 in
1024 1175 1143 1220 omnes

263 1263 399 1327 Promta
411 1284 533 1327 manus
546 1285 644 1328 casus
655 1261 795 1329 domino
807 1265 998 1356 cuicunque
1009 1264 1130 1356 parati.

225 363 266 440 41

1231 500 1277 553 185

1230 1073 1277 1124 ¹9⁰

215 1477 407 1530 runc-Foerae
416 1478 523 1535 telluris.
532 1481 663 1535 Dentibus
671 1486 721 1535 sci·
767 1501 828 1533 curn
844 1482 988 1552 superbia,
1003 1495 1049 1534 aut
1063 1484 1148 1534 minas
1161 1483 1232 1555 gerit
1247 1482 1276 1531 in

213 1555 275 1608 licet
297 1555 435 1626 draconis,
457 1564 534 1632 quasi
555 1564 663 1614 semine.
684 1594 721 1604 -
765 1559 983 1614 facieLicrsnr.

213 1635 308 1687 Hiatn.
327 1639 408 1690 Terra
427 1643 497 1691 enim
516 1660 612 1713 magno
633 1645 719 1715 patuit
804 1639 1273 1714 189.Hicneunquamprivatuserit.

212 1712 301 1781 hiatu,
309 1735 393 1787 quum
405 1731 443 1770 tot
453 1723 547 1772 armati
557 1720 677 1773 homines
688 1741 720 1774 ex
765 1721 825 1770 Haec
833 1737 893 1770 cum
902 1720 1083 1789 indignatione
1093 1718 1274 1791 pronuncian-

212 1809 243 1842 ea
255 1793 420 1863 prodierunt.
765 1797 808 1849 da.
825 1799 910 1869 Optat
925 1799 1014 1850 videre
1031 1795 1167 1851 Eteoclem
1183 1798 1274 1869 priva-

251 1871 309 1924 185.
331 1873 481 1948 Anqun'um
500 1895 575 1929 seros.
595 1876 673 1927 Bern.
693 1889 720 1927 et
763 1890 834 1944 turn,
844 1890 874 1928 ut
884 1879 940 1947 ejus
950 1878 1035 1928 fastus
1048 1895 1079 1928 ac
1091 1872 1273 1946 superbiade·

213 1951 303 2002 Barth.
312 1953 720 2030 interpunguntrbiatu,An9u·
763 1955 901 2024 primatur.
917 1957 1026 2006 1111111111.
1046 1982 1081 1993 -
1104 1954 1208 2005 Tamen
1227 1950 1271 2002 ille

212 2030 282 2081 rium
291 2051 366 2086 seros.
376 2064 412 2074 —-
420 2036 484 2106 Reg.
495 2038 530 2103 Β,
542 2036 618 2087 hiatu
627 2035 718 2107 Auqn·
762 2033 882 2102 precanti
893 2032 974 2084 Mitis.
993 2029 1176 2083 lntroducitur
1193 2028 1271 2094 alter,

212 2109 287 2161 rium.
300 2112 331 2162 A.
340 2114 573 2188 -Serosnepotes
582 2114 720 2166 Eteoclem
765 2112 810 2181 qui
824 2109 944 2163 defendit
952 2108 1112 2162 Eteoclema
1123 2106 1269 2160 maledictis
1293 2136 1296 2145 ·

212 2200 239 2238 et
252 2189 413 2262 Polynicem.
425 2193 538 2245 Videtur
552 2197 650 2246 Noster
666 2193 718 2244 hoc
764 2192 856 2245 invidi.

211 2268 336 2320 sumsisse
354 2288 385 2320 ex
401 2273 528 2339 Lucano,
543 2271 588 2322 lib.
604 2275 649 2338 IV,
667 2271 718 2341 549
802 2290 860 2342 190.
874 2271 973 2343 Affatn
989 2273 1077 2324 bonus.
1093 2269 1162 2321 Erat
1173 2268 1270 2319 subau-

213 2357 238 2396 et
251 2364 342 2416 seqq:
359 2348 422 2400 «Sic
435 2352 535 2402 semine
545 2351 638 2404 Cadmi
650 2352 719 2401 Emi·
763 2349 859 2403 dimus.
875 2352 982 2421 Ubique
997 2353 1055 2420 jam
1072 2347 1125 2399 boc
1146 2348 1269 2418 queritur,

211 2426 266 2475 cuit
273 2425 374 2478 Dircaea
382 2427 650 2498 cohors‚ceciditque
658 2447 721 2479 suo-

210 2522 269 2553 rum
284 2504 462 2572 Vulneribus,
480 2506 566 2557 dirum
582 2506 716 2559 Thebanis

210 2581 335 2634 fratribus
348 2603 435 2635 omen.
448 2607 458 2630 n

249 2661 306 2714 186.
318 2663 403 2715 Cernis
410 2676 446 2716 nt.
456 2663 558 2717 “Verba
565 2665 650 2735 plebis
659 2685 716 2718 esse

211 2738 244 2790 de
253 2743 314 2792 novi
324 2743 393 2812 regis
402 2744 544 2796 insolentia
554 2758 644 2799 amoto
656 2764 718 2796 con·

211 2833 282 2871 sorte
300 2825 412 2892 regni‚»
431 2838 502 2876 recte
521 2836 597 2876 notat
613 2824 717 2894 glosso-

209 2898 326 2969 graphus
334 2903 447 2971 priscus.
458 2905 565 2952 Erectus
572 2901 718 2970 superbum

211 2991 287 3029 notat
301 2998 316 3028 a
327 2991 428 3030 statura
436 2981 534 3030 fastum
548 2978 718 3030 excelsiorem

212 3057 365 3109 affectante.
376 3060 481 3124 Rectus,
489 3057 583 3111 nullibi
592 3058 718 3124 inflexus,

213 3137 258 3206 qui
268 3135 375 3190 habitus
388 3137 559 3189 insolentium
569 3136 715 3191 hominum.

214 3218 310 3266 11111111.

238 3294 717 3371 187.Saeviorassurqens.Novitatere·

211 3377 256 3449 gni
265 3376 464 3449 tumidusVirg.
474 3378 506 3430 de
514 3379 648 3444 Numano,
657 3381 715 3431 AEn.

764 2429 837 2499 quod
851 2447 930 2479 nemo
945 2426 1080 2492 succedit,
1095 2445 1179 2497 quum
1191 2444 1268 2497 supe·

762 2510 816 2559 rius
827 2507 899 2560 vices
908 2519 1027 2578 gemeret
1037 2508 1184 2568 servitutis;
1196 2519 1222 2557 et
1231 2503 1268 2556 di·

762 2587 798 2636 cit
818 2584 952 2638 Eteoclem
974 2584 1111 2656 quondam
1135 2585 1209 2636 circa
1229 2603 1268 2635 ro·

762 2679 855 2737 gantos
866 2667 949 2718 fuisse
961 2665 1132 2731 clementem,
1144 2683 1202 2735 quae
1213 2663 1267 2717 laus

761 2747 927 2814 imperatoris
944 2757 983 2795 est
995 2744 1126 2794 maxima:
1141 2762 1199 2813 quae
1214 2762 1268 2794 om·

761 2827 804 2874 nia
820 2825 885 2874 dicit
899 2842 956 2875 esse
970 2841 1114 2889 conversa,
1130 2825 1194 2894 quia
1210 2841 1267 2875 suc·

762 2921 853 2954 cessor
868 2903 990 2955 exclusus
1008 2916 1063 2969 est,
1083 2903 1128 2974 qui
1141 2903 1269 2973 justitiam

762 2993 907 3054 pateretur,
921 2994 947 3032 et
961 2995 1030 3035 esset
1044 2982 1072 3032 in
1086 2998 1211 3033 sermone
1224 2998 1269 3032 co-

764 3060 822 3111 mis.
835 3061 966 3112 anrnur.

802 3157 858 3209 ¹91·
873 3139 943 3210 Quid
948 3139 1061 3190 mirum?
1072 3158 1126 3192 non
1133 3137 1203 3205 solus
1209 3151 1269 3190 erat.

762 3219 824 3269 Non
834 3220 929 3269 mirum
940 3231 993 3284 est,
1004 3219 1040 3270 ait
1052 3216 1096 3269 ille
1108 3216 1268 3282 maledicuS,

762 3300 784 3351 si
791 3300 913 3351 Eteocles
922 3313 995 3351 tanta
1003 3298 1169 3351 humanitate
1180 3310 1269 3350 utatur

762 3398 825 3451 erga
843 3381 931 3432 cives:
952 3399 1006 3431 non
1027 3378 1100 3432 solus
1120 3390 1177 3430 est:
1197 3389 1268 3430 metu

211 3461 261 3527 IX,
270 3460 335 3530 596:
344 3461 471 3511 “Primam
481 3473 542 3511 ante
548 3460 631 3511 aciem
637 3460 716 3531 digna
762 3459 831 3510 enim
849 3456 932 3509 futuri
952 3458 1131 3522 successoris,
1150 3458 1269 3525 contlnet

211 3554 290 3613 atque
310 3539 421 3610 indigna
441 3538 525 3591 relatu
542 3542 715 3606 vociferans,
762 3556 789 3590 se
800 3539 871 3587 intra
882 3538 1009 3588 terminos
1021 3540 1097 3606 justae
1110 3534 1270 3587 dominatio-

211 3617 381 3689 tumidusque
393 3637 462 3670 novo
474 3617 623 3688 praecordia
634 3638 715 3690 regno
761 3615 865 3668 nisvel
874 3616 956 3667 ambit
963 3615 1035 3666 bisce
1044 3612 1191 3665 ambitiosa
1200 3633 1268 3665 men·

212 3700 287 3766 Ibat,
300 3711 326 3750 et
338 3699 438 3769 ingenti
451 3716 508 3750 sese
521 3697 635 3750 clamore
648 3700 716 3751 fere·
760 3699 810 3763 tis,
827 3709 853 3748 et
866 3691 946 3749 talem
958 3715 986 3748 se
1000 3695 1103 3766 populo
1118 3693 1268 3747 exhibendo

211 3778 289 3829 batn
304 3804 337 3815 -
348 3778 443 3830 Demto
455 3789 577 3830 consorte.
593 3777 717 3854 Polynice
762 3778 893 3831 demulcet
909 3775 1056 3849 populum,
1074 3790 1103 3828 ut
1120 3778 1267 3846 potentiam

212 3858 293 3907 fratre
305 3877 311 3906 ε
325 3875 386 3907 narn
403 3872 463 3910 ante
481 3869 578 3908 sortem
595 3856 717 3924 ductam,
761 3860 838 3909 fratri
855 3856 1008 3922 subtrahat,
1025 3868 1051 3906 et
1067 3854 1228 3925 procliviore
1241 3856 1267 3904 in

213 3935 356 3987 indivisum
368 3950 424 3987 erat
435 3938 583 4007 imperium.
762 3957 789 3988 se
802 3937 898 3989 civium
910 3936 994 4006 gratia
1006 3935 1115 3985 nitatur.
1126 3963 1160 3972 -
1169 3935 1226 3987 Nos
1236 3932 1269 3985 vi·

254 4013 310 4067 188.
324 4015 470 4068 Oreminos.
482 4015 535 4067 Aut
546 4034 591 4067 ore
600 4014 719 4085 loquitur
764 4016 810 4084 lis,
820 4031 870 4069 etc.
883 4017 998 4069 Imitatio
1008 4013 1166 4082 virgiliana,
1177 4015 1204 4064 in
1215 4030 1270 4062 ora·
