2646 4822
138 77 265 195 24⁴

372 118 407 178 P.
434 117 468 178 P.
495 115 650 180 STATII
674 117 951 184 THEBAIDOS

182 244 196 305 1
208 238 319 306 media
332 241 367 306 in
378 240 513 322 fratres,
527 242 658 331 generis
670 242 841 310 consortia
852 242 942 309 ferro

180 348 370 416 Dissiliunt:
384 348 428 417 da
439 353 591 417 Tartarei
603 352 719 442 regina
731 349 881 418 barathri
1110 411 1113 415 .
1153 367 1189 419 85

181 458 280 544 Quod
292 462 426 551 cupiam
437 461 562 528 vidisse
574 461 669 528 nefas
681 487 688 526 z
700 485 764 528 nee
775 462 871 529 tarda
883 479 1045 557 sequetur

182 573 279 637 Mens
286 566 466 662 juvenum,
474 570 576 639 modo
584 571 686 663 digna
692 575 785 655 veni,
795 576 871 640 mea
878 575 1020 664 pignora
1026 595 1157 641 nosces.
1170 603 1181 632 υ

227 676 322 746 Talia
329 677 470 771 jactanti
482 679 628 749 crudelis
641 683 726 747 Diva
737 703 872 748 severos

135 897 187 936 tem
201 880 254 934 hoc
269 881 329 936 liliis
343 886 495 955 contingere
509 898 638 957 nepotum

134 964 272 1030 manibus,
291 963 364 1036 quod
384 967 441 1037 ipse
462 969 568 1036 parenti
589 985 638 1018 suo

133 1046 240 1110 lecerit,
252 1045 353 1097 scilicet
364 1064 444 1116 quum
457 1064 516 1096 eum
528 1044 639 1113 oceidit,

133 1136 161 1176 et
176 1124 409 1194 sanguinolentum
424 1123 547 1176 diadema
562 1127 641 1176 semi·

130 1215 240 1265 ¹mortuo
254 1201 387 1255 abstraxit.
403 1204 461 1273 lpse
474 1203 547 1276 apud
558 1204 640 1257 Sene-

134 1300 193 1334 cam
202 1321 210 1349 ,
220 1281 305 1333 Theb.
319 1297 369 1334 act.
382 1283 409 1348 l,
425 1284 474 1350 39:
491 1282 585 1350 «Quid
599 1297 640 1336 te-

100 1404 104 1410 .
133 1364 200 1415 nes?
221 1364 332 1416 Genitor
353 1376 440 1416 vocat.
460 1365 576 1433 Sequor,
598 1383 640 1415 se-

134 1461 211 1514 quor,
223 1444 283 1494 Jarn
297 1462 388 1515 parce.
402 1445 583 1516 Sanguineum
594 1449 641 1512 ge·

128 1517 195 1572 iens
210 1523 316 1591 Insigne
329 1525 405 1593 regni
419 1523 497 1575 Laius
512 1524 581 1593 rapti
596 1523 641 1572 fu-

133 1603 176 1651 n't.
188 1624 199 1645 n
218 1592 314 1652 lisura.
332 1631 368 1639 —-
383 1605 448 1672 Reg.
469 1605 488 1653 B
504 1603 556 1652 fert
572 1602 641 1651 abri-

132 1681 189 1752 pui.
207 1680 237 1730 A.
255 1710 292 1719 -
309 1681 447 1732 Instincta.
466 1683 641 1745 Praestructa,

135 1759 249 1823 furiata,
267 1757 365 1810 inllata.
385 1761 526 1826 Lucanus,
544 1758 591 1810 lib.
606 1760 640 1826 V,

140 1839 206 1892 150:
231 1841 408 1890 «instinctam
429 1845 504 1890 sacro
526 1850 641 1911 mentem

135 1930 230 1969 testata
243 1919 344 1969 furore.
356 1943 367 1966 n
379 1949 415 1958 -
424 1917 644 1990 Instinctumfal·

136 1997 211 2050 lucioe
221 1997 293 2067 apud
303 1997 508 2061 Tertullianum,
518 1998 564 2050 lib.
572 1999 605 2063 V,
614 2000 642 2049 in

135 2077 319 2140 Marcionem,
343 2095 401 2146 cap.
429 2077 470 2146 16,
492 2076 532 2126 Ex
556 2076 643 2128 verbis

57 2207 61 2212 ,
136 2156 222 2208 Paulli
233 2156 349 2227 apostoli
359 2154 501 2226 Papinius,
514 2158 584 2208 infra
596 2156 642 2209 lib.

136 2238 169 2302 V,
185 2234 250 2302 ted:
269 2258 280 2282 a
290 2237 354 2303 Rem
365 2254 502 2306 ,summam
515 2218 645 2288 ¹instinctui

137 2333 264 2386 superum
277 2317 380 2367 sancire
392 2334 469 2386 paro.
480 2311 496 2363 r
511 2379 513 2383 .
536 2317 544 2345 ⁸

174 2395 216 2464 84.
234 2397 253 2446 Ι
266 2395 352 2447 media
370 2391 397 2446 iit
410 2386 516 2465 fratres.
533 2396 644 2466 Signum

138 2490 177 2530 est
187 2474 340 2529 discordiae:
352 2487 382 2526 ut
390 2475 482 2545 Virgil.
492 2455 551 2527 ΕΠ.
562 2475 644 2544 lib21,

137 2575 176 2608 vs.
188 2554 255 2622 348:
270 2577 281 2600 u
291 2556 366 2623 Quos
378 2548 448 2605 inter
460 2553 562 2606 medius
571 2553 644 2605 venit

148 2637 152 2648 .
188 2615 212 2649 ts

138 2639 245 2699 turono

175 2706 646 2783 85.Dissiliant.lipsiamhabetDis·

137 2787 246 2873 sieiqnt}
255 2791 328 2863 qnod
336 2811 368 2843 ex
376 2791 470 2842 Plauto
480 2790 577 2861 probat
584 2791 646 2841 Ber-

138 2872 248 2923 nartius.
256 2869 420 2939 'Dissentiant
427 2870 455 2921 in
466 2867 554 2919 multis
565 2867 643 2919 codd.

138 2963 206 3002 teste
212 2946 356 3015 Lactantio
368 2949 396 2998 in
406 2947 554 2998 Comment.
567 2947 646 2998 Dissi-

136 3020 209 3089 liunt
225 3031 340 3080 Petrens.
357 3026 456 3079 Buslid.
472 3027 565 3078 Behot.
584 3026 644 3092 alii,

140 3090 202 3164 ...t
221 3110 326 3160 venen.
349 3106 382 3174 3,
401 3107 436 3173 4,
456 3104 536 3157 stad.
556 3105 642 3157 corn.

683 886 750 950 hoc;
765 888 809 940 fac
823 898 854 938 ut
870 899 973 939 tantum
985 886 1072 939 scelus
1085 885 1131 937 lilii
1142 905 1184 938 au·

684 966 780 1033 deant,
793 965 867 1038 quod
880 979 955 1037 optet
966 967 1046 1018 etiam
1057 979 1134 1037 pater
1145 984 1184 1017 ca·

685 1065 731 1097 cus
742 1044 840 1097 videre.
853 1045 981 1097 Licrsttr.

721 1123 763 1177 86.
779 1125 855 1194 Quod
871 1125 975 1196 cupiam
992 1124 1084 1176 vidisse
1099 1121 1184 1194 nefas.-

686 1223 733 1256 nec
747 1205 821 1256 tarda
833 1214 961 1276 sequetur.
977 1203 1097 1274 Scriptus
1110 1202 1186 1255 libet:

685 1302 719 1335 ne
726 1285 940 1356 tardasequatur,
948 1284 1056 1334 minime
1066 1282 1187 1347 deterius,

685 1364 708 1414 si
718 1364 824 1433 penitus
833 1364 1002 1432 introspicias
1012 1382 1018 1411 :
1028 1360 1095 1411 nihil
1104 1375 1189 1414 tamen

684 1440 851 1492 mutandum.
864 1444 942 1492 Baua.
952 1469 988 1480 --
1000 1440 1076 1509 Quod
1087 1443 1190 1515 cupiam

686 1520 783 1572 vidisse.
799 1541 810 1565 u
821 1521 902 1590 Cujus
915 1519 998 1571 solius
1010 1511 1189 1590 videndi'ergo

686 1598 780 1650 oeulos
790 1598 854 1650 mihi
866 1597 984 1652 redditos
994 1597 1082 1650 velim.
1092 1622 1103 1646 n
1112 1599 1191 1652 Glos-

686 1690 759 1728 sator
768 1679 888 1748 priscus,
902 1676 956 1748 quo
968 1697 1048 1729 nemo
1062 1689 1191 1730 commen·

686 1771 756 1809 tator
765 1770 880 1810 mentem
891 1770 976 1829 poetae
987 1757 1080 1810 melius
1095 1754 1191 1828 tangat.

687 1839 783 1889 Binan.
807 1839 809 1843 ’
1159 1849 1161 1854 ·

687 1927 692 1935 ’
722 1917 766 1984 87.
779 1915 861 1966 Modo
872 1913 952 1988 dique
962 1915 1031 1966 veni.
1041 1917 1132 1967 Tantae
1141 1933 1194 1967 ma·

687 1993 748 2046 litiae
764 1992 917 2065 juvenibus.
935 1995 1016 2046 Modo
1033 1995 1104 2047 inte
1120 2014 1194 2047 mora

688 2087 733 2125 aut
747 2073 867 2126 defectus
879 2076 987 2125 nonsit.
1001 2075 1058 2125 Nos
1067 2074 1196 2127 intellexit

689 2153 734 2222 qui
753 2151 829 2202 aliter
846 2150 981 2215 distinxit,
1000 2151 1144 2204 Barclaius.
1159 2182 1196 2192 -

687 2234 750 2282 Mea
760 2232 874 2304 piqnora
886 2248 980 2282 nosces.
994 2231 1069 2298 Quos
1082 2231 1117 2283 arl
1129 2232 1198 2294 faci<

688 2330 755 2362 nora
764 2310 892 2362 scelerum
901 2313 1196 2381 tampronosinven'ies,

688 2404 719 2442 ut
739 2381 814 2443 meos
834 2386 902 2441 lilios
925 2403 982 2442 esse
1003 2409 1059 2442 non
1080 2382 1196 2445 dubites.

687 2462 818 2523 bibitur.

723 2551 767 2602 88.
783 2549 861 2601 Talia
873 2551 995 2622 jactanti·
1010 2549 1087 2602 Talia
1102 2552 1199 2604 dicenti

689 2648 721 2680 ex
736 2629 790 2681 suis
806 2627 886 2680 codd.
900 2630 1019 2700 reposuit
1030 2629 1199 2682 Lindeitbro-

690 2709 763 2778 gius,
774 2707 1005 2778 eumque'secutus
1016 2721 1056 2761 est
1063 2699 1199 2774 Crueeus3

690 2791 807 2840 Petrens.
818 2807 882 2839 vero
898 2789 1038 2859 coeterique
1050 2787 1130 2841 codd.
1144 2809 1201 2842 om·

690 2887 737 2920 nes
748 2887 808 2920 cum
820 2867 896 2919 Aldd.
908 2868 995 2920 Colin.
1005 2868 1106 2941 Gryph.
1118 2870 1199 2922 Basil.

690 2948 774 3000 Plant.
789 2963 838 3000 etc.
845 2948 1085 3020 jactanti-RQ.
1098 2951 1131 3014 B,
1146 2951 1200 3001 Τα-

690 3028 839 3081 [iudicanti.
848 3029 924 3088 Α.-,
933 3025 1010 3078 Talia
1013 3029 1132 3097 jactanti
1138 3047 1200 3079 cm·

690 3107 753 3159 delis
762 3108 839 3158 Diva.
850 3108 866 3158 J
868 3099 966 3158 actanti
976 3105 1098 3177 OEdipo.
1109 3108 1201 3160 -Dt-

139 3184 336 3269 Gryplt.'Basil.
353 3183 438 3236 Plant.
455 3198 481 3236 et
495 3188 594 3236 recent.
607 3185 645 3235 in·
690 3206 731 3237 va.
749 3183 904 3256 Tisiphone.
924 3213 958 3223 -
976 3184 1088 3236 Severos.
1108 3186 1201 3240 Severi

137 3281 180 3338 ,ter
190 3284 258 3338 quos
268 3266 297 3315 B.
307 3266 353 3316 Eo.
364 3294 400 3303 -
410 3263 554 3317 Dissiliunt.
564 3263 644 3315 Multi
688 3263 848 3317 vocabulum
860 3263 1014 3315 numinibus
1027 3261 1150 3334 locisque
1160 3268 1200 3317 in·

138 3347 201 3398 lieet
215 3344 291 3398 aliter
306 3343 413 3414 legunt,
433 3357 521 3396 tamen
540 3344 585 3395 hio
604 3356 644 3396 est
688 3345 770 3397 ternis
795 3344 923 3396 tributum
945 3361 961 3394 a
981 3343 1078 3414 poetis.
1098 3344 1201 3398 Noster

140 3445 248 3480 sensus:
264 3427 318 3476 Aut
328 3425 379 3496 ipsi
388 3423 433 3474 lilii
441 3425 644 3493 germanitatem
688 3422 773 3475 Theb.
788 3424 832 3490 IV,
847 3421 915 3493 477:
932 3423 985 3472 uEt
1001 3422 1080 3473 inane
1098 3442 1200 3476 severae

140 3525 214 3558 suam
226 3503 297 3557 ferro
310 3503 457 3574 dissipent,
469 3515 514 3553 aut
528 3505 586 3573 ipsa
598 3521 645 3572 ge—
688 3502 899 3573 Persephones.»
914 3499 1030 3565 Ibidem,
1044 3500 1110 3553 526:
1124 3503 1200 3576 «Sty-

137 3589 208 3639 neris
221 3587 334 3638 societas
350 3584 420 3634 ferro
438 3582 589 3653 dissipetur.
606 3611 643 3620 -
686 3584 789 3654 giaeque
797 3600 901 3634 severos
909 3582 1023 3632 lunonis
1031 3579 1196 3633 thalamos..

140 3664 259 3718 Tartarei
273 3663 370 3735 rupina.
382 3665 508 3714 Tartarus
525 3673 564 3713 est
579 3679 643 3732 pro·
687 3661 779 3731 Virgil.
797 3661 893 3731 Georg.
913 3660 961 3712 lib.
982 3661 1032 3726 llI,
1051 3664 1120 3712 sers.
1143 3662 1196 3731 37:

136 3738 256 3796 funditas
267 3738 422 3794 inferorum.
435 3739 591 3794 Barathrum
601 3759 643 3791 ve-
691 3743 878 3811 «Amnemque
890 3758 1009 3792 severum
1028 3739 1122 3810 Cocyti
1139 3759 1199 3794 me·

137 3843 168 3878 ro
184 3822 313 3894 squaloris
329 3820 456 3873 altitudo:
472 3821 536 3872 dicit
553 3833 642 3871 autem
688 3832 776 3870 tuot„
