2646 4822
523 335 665 399 LIBER
690 337 716 398 l.

130 442 330 558 'Agricolam
340 461 488 529 infandis
499 461 700 529 condentem
712 460 831 553 praelia
842 454 943 530 sirlcis

137 573 340 668 Expediam‚
353 573 556 665 penitusque
568 595 702 665 sequar,
715 595 783 665 quo
796 573 945 640 carmine
957 574 1064 640 muris
1113 604 1115 608 ·

139 685 282 751 Jusserit
293 681 461 774 Amphion
472 682 594 773 Tyrios
606 679 765 749 accedere
776 697 919 749 montes.

140 792 238 861 Unde
250 816 368 883 graves
379 794 438 861 irae
450 807 592 882 cognata
604 792 640 857 in
651 792 776 877 muenia
787 789 933 871 Baccho,

1114 712 1145 747 10

88 1037 169 1091 sunt,
183 1037 210 1076 et
221 1041 251 1076 se
262 1021 363 1074 Cadmo
377 1025 548 1093 conjunxere.
560 1053 596 1062 -
641 1024 750 1094 proprie
760 1023 843 1076 Statio
850 1020 992 1087 Thebana,
1000 1033 1026 1073 et
1035 1020 1069 1073 ab
1079 1023 1144 1075 urbe

89 1105 118 1159 Τ
116 1103 247 1176 repiduns.
260 1101 329 1170 Quis
346 1103 417 1153 enim
430 1121 486 1154 non
500 1101 596 1153 borre-
640 1114 731 1174 potest
738 1103 928 1154 communicari
935 1120 996 1153 cum
1005 1100 1145 1174 circumje-

87 1197 191 1250 seeret,
204 1183 227 1236 si
235 1179 399 1253 prodeuntes
410 1201 424 1234 e
434 1194 503 1233 terra
513 1179 596 1233 bella·
641 1184 703 1248 ctis,
719 1201 775 1253 quae
788 1184 817 1234 in
831 1180 932 1234 ditione
941 1179 1143 1233 Thebanorum.

86 1279 182 1317 torum
197 1264 290 1333 copias
304 1261 421 1316 videret?
433 1292 471 1304 —-
485 1261 595 1323 Martis3
632 1264 788 1314 «Hictamen
795 1262 886 1333 malim
894 1250 994 1333 Tyriis,
1005 1274 1035 1313 ut
1044 1261 1079 1314 ad
1089 1282 1147 1315 mn·

85 1343 162 1397 belli.
178 1345 293 1396 Martem
302 1344 370 1395 sumi
380 1361 430 1413 pro
443 1341 515 1395 bello
525 1341 596 1413 apud
641 1362 681 1396 ros
701 1345 838 1395 referatur.
861 1344 968 1395 Rectius
987 1344 1088 1414 quippe
1101 1341 1147 1407 xdi·

85 1426 187 1477 Poetas
200 1425 300 1495 passim
314 1421 430 1475 obvium.
445 1452 482 1461 —
497 1422 595 1493 Operti
642 1440 685 1474 ces
694 1421 828 1474 Thebanis
841 1424 921 1474 muris
931 1420 1058 1474 accedere
1068 1440 1145 1488 saxa,

86 1503 121 1561 ld
140 1517 198 1570 est,
216 1501 323 1553 latentis
343 1501 370 1551 in
388 1498 514 1553 dentibus
532 1500 596 1551 satis

88 1582 225 1643 draconis.
238 1578 300 1633 Vid.
313 1574 391 1632 Ovid.
406 1581 514 1632 Metam.
528 1579 572 1630 lll.

128 1663 154 1716 8.
161 1662 293 1734 Infandis.
304 1662 375 1727 Quia
383 1671 547 1732 pepererunt
556 1677 597 1711 ar.-

87 1756 177 1797 matos
184 1740 524 1797 homines-condentem
532 1756 597 1809 prae·

86 1819 220 1875 liuentem
228 1820 350 1870 lmitatus
359 1830 398 1870 est
404 1818 597 1888 Papiniusl’ro-

78 1890 219 1973 perdum,
235 1899 296 1969 qui,
309 1897 423 1967 loquens
435 1895 468 1947 de
482 1892 596 1962 Medea,

83 1979 144 2033 baec
156 1983 195 2032 ait
204 1977 252 2030 lib.
265 1977 398 2047 111‚Eleg.
411 1978 454 2029 X:
468 1973 595 2028 “Colchis

84 2053 598 2130 flagrantesadamautiuasubjugatar-

83 2156 132 2190 τοι
146 2139 222 2209 Egit,
238 2148 265 2201 et
280 2136 408 2204 armigera
425 2132 514 2204 praelia
531 2135 597 2185 sevit

84 2215 206 2277 humo·-
226 2216 337 2271 Benaco.

121 2313 151 2365 9.
172 2295 229 2364 Quo
251 2294 368 2346 carmine
387 2291 470 2344 muris
487 2293 597 2345 Jussen't

83 2374 228 2447 Amphion
243 2374 334 2444 Tyrios
348 2373 468 2426 accedere
486 2382 594 2426 montes.

82 2453 226 2526 Amphion
232 2455 320 2520 Joris,
329 2454 386 2521 vel,
396 2464 427 2504 ut
434 2451 478 2504 alii
487 2451 593 2516 volunt,

84 2535 214 2586 Mercurii
232 2533 302 2585 filius
320 2535 383 2594 tuin
399 2551 416 2583 a
435 2551 489 2602 quo
510 2551 594 2603 quum
612 2568 614 2572 -

86 2611 172 2685 lyram
190 2614 351 2682 accepisset,
367 2612 432 2662 moti
451 2609 594 2662 dulcedine

85 2704 184 2745 cantus
208 2690 311 2762 lapides
337 2704 432 2762 sponte
459 2709 487 2741 se
512 2688 593 2742 muris

83 2771 244 2823 Thebarum
261 2768 447 2823 construendis
469 2767 595 2819 admove-

84 2863 161 2905 runt.
183 2851 270 2902 Locus
289 2849 385 2901 fabulae
406 2848 501 2915 datus,
523 2845 594 2919 quod

82 2929 226 3000 Amphion
234 2928 341 2981 Thebas
351 2930 433 2980 muris
441 2941 468 2979 et
475 2925 593 2978 turribus

84 3011 215 3076 cinxerit,
229 3028 260 3061 ac
274 3007 370 3060 fidibus
382 3005 507 3078 praeclare
522 3008 594 3067 ceci-

83 3091 176 3141 nerit:
195 3087 237 3140 vel
253 3090 358 3159 potius,
374 3100 404 3137 ut
419 3087 456 3137 ait
471 3083 593 3149 Solinus,

85 3167 165 3240 quod
188 3169 307 3234 uallatus
325 3169 454 3220 suavitate
472 3164 593 3216 homines

84 3247 198 3316 rupium
206 3244 307 3297 incolas
320 3258 346 3296 et
357 3243 463 3295 incultis
474 3241 594 3294 moribus

84 3326 170 3385 rudes
184 3327 220 3379 ad
233 3325 357 3397 obsequii
371 3324 454 3377 civilis
470 3323 594 3395 perduxit

84 3404 289 3476 disciplinam„
309 3407 419 3456 Barim.
476 3455 480 3461 ,

129 3502 170 3537 ιο.
186 3486 309 3551 Jnsserr't,
312 3486 438 3555 jusserat,
446 3485 523 3534 Rom.
534 3483 594 3534 Jtts·

84 3567 157 3630 serit,
165 3561 309 3616 Alddcol.
316 3562 415 3635 Gryph.
422 3562 500 3614 Basil.
509 3561 593 3612 Plant.

86 3661 116 3699 et
127 3648 165 3700 sic
175 3649 295 3701 Petreus.
304 3675 341 3684 -
349 3646 430 3715 Regg.
441 3646 497 3695 Bet
505 3644 596 3713 C,jus-

84 3730 156 3781 sen't.
173 3729 204 3778 Δ.
216 3756 252 3766 -
263 3727 355 3791 Tyrios
367 3726 403 3776 sic
416 3740 509 3774 omnes
521 3721 593 3773 MSS.

642 1519 720 1572 quam
731 1520 792 1553 saxa
802 1500 932 1554 Thebana
944 1499 1072 1554 accedere
1086 1520 1146 1553 mu·

640 1582 676 1633 ris
685 1601 692 1643 ;
708 1582 757 1633 etsi
772 1568 865 1632 eadem
875 1599 938 1633 saxa
946 1580 997 1631 alio
1005 1579 1067 1632 loco
1077 1581 1146 1635 bene

640 1662 728 1731 possis
736 1658 824 1712 dicere
831 1659 970 1713 Thebana.
978 1662 1098 1713 Gronov.
1110 1691 1146 1703 -

641 1739 754 1793 Montes.
769 1738 960 1811 Hyperbolice,
974 1758 1024 1811 pro
1039 1740 1146 1810 grandi-

640 1818 692 1872 bus
703 1822 781 1872 saxis.

679 1896 1147 1973 11.Reg.B,coqnota;Reg.C‚co-

639 1991 731 2054 penta.
745 1981 777 2032 A.
793 2010 829 2019 -
847 1979 922 2030 Unde
932 1996 1024 2052 proves
1040 1979 1084 2030 ine
1100 1998 1145 2031 co·

638 2072 721 2133 gnata
730 2063 758 2112 in
767 2059 862 2112 moenia
869 2059 982 2113 Baccho.
992 2089 1029 2098 —
1040 2057 1145 2129 Duplex

641 2151 730 2190 autem
748 2150 838 2208 potest
854 2155 911 2190 esse
926 2155 1019 2190 sensus
1034 2137 1145 2208 hujusce

640 2237 742 2270 versus.
752 2220 821 2268 Nam
830 2230 877 2268 aut
882 2236 973 2289 praees
979 2218 1024 2268 ine
1033 2229 1145 2288 possunt

641 2316 699 2349 esse
706 2296 804 2363 Bocchi
814 2298 842 2377 in
852 2307 963 2368 copnata
973 2295 1023 2348 sibi
1033 2296 1144 2361 menia,

640 2390 687 2428 aut
699 2375 805 2429 alterius
815 2378 842 2441 in
852 2377 949 2428 moenia
958 2387 1070 2448 coqnata
1079 2375 1146 2427 Bac·

639 2457 698 2509 cho.
723 2457 807 2508 Priori
830 2474 909 2509 seusu
931 2454 1089 2524 intelligitur
1111 2453 1145 2506 de

639 2534 745 2587 Baccho
753 2535 868 2606 graviter
875 2535 944 2585 irato
952 2534 979 2582 in
988 2530 1145 2596 Pentheum,

640 2615 675 2666 ob
686 2628 775 2686 spreta
785 2614 859 2685 orgia
870 2632 918 2664 sua
930 2633 936 2663 ε
947 2610 1018 2663 unde
1029 2610 1145 2680 discerpi

640 2714 700 2746 eum
713 2696 776 2745 lecit
791 2713 806 2745 a
820 2696 931 2764 propria
942 2704 1045 2754 matre;
1060 2703 1086 2741 et
1099 2689 1145 2741 hic

640 2770 1144 2841 moeniaproPentheoaccipitPoeta.-—

641 2847 1143 2924 (loquarnQniaBacchusetPentheus

640 2930 795 3000 consobrini
803 2930 988 3000 erant3Agave
997 2929 1144 2997 enim,rna·

638 3023 680 3062 ter
686 3006 811 3076 Penthei,
820 3022 961 3061 matertera
971 3021 1027 3061 erat
1036 3005 1143 3060 Bacchi.

638 3089 784 3141 Posteriori
795 3105 872 3140 sensu
886 3085 997 3157 intelligi
1009 3099 1100 3158 potest
1110 3085 1144 3141 de

638 3171 763 3234 lunone,
782 3186 839 3239 quae
860 3185 915 3218 non
937 3179 1063 3218 contenta
1080 3185 1144 3236 per-

639 3247 736 3300 didisse
760 3245 880 3300 Semelen
900 3258 1010 3298 matrem
1030 3243 1144 3312 Bacchi,

640 3347 720 3400 quem
742 3345 774 3378 ex
793 3328 858 3378 Jove
879 3337 1035 3397 susceperat
1054 3323 1143 3394 (uude

639 3407 797 3477 gravissimae
807 3405 880 3477 irae),
892 3407 1020 3459 ultionem
1031 3423 1106 3456 suam
1115 3405 1144 3455 in

640 3505 718 3539 omne
731 3504 816 3557 genus
827 3485 924 3537 Bucchi
936 3483 1068 3550 extendit,
1080 3502 1144 3553 prae·

639 3567 718 3636 cipue
726 3567 753 3617 in
761 3583 865 3617 sorores
872 3567 963 3617 matris
972 3565 1039 3633 ejus,
1046 3580 1143 3631 nempe

640 3648 729 3710 luum,
738 3647 882 3697 Autonoen
889 3683 896 3709 ,
903 3657 928 3696 et
936 3646 1057 3715 Agavem
1067 3640 1143 3694 ethic

640 3724 737 3776 rnoenic
750 3736 865 3775 sumeret
875 3724 971 3789 Poeta,
985 3741 1033 3792 pro
1046 3722 1146 3773 sorori-

86 3821 117 3862 et
137 3811 213 3874 scio,
233 3826 286 3879 quo
309 3804 455 3869 defendas,
476 3802 523 3854 lib.
543 3803 594 3869 IX,
639 3803 690 3856 bus
704 3803 828 3856 Semeles.
841 3801 891 3853 Vel
906 3805 968 3873 quia
983 3803 1044 3867 lno,
1059 3800 1144 3850 Auto-

86 3887 163 3954 406:
184 3888 299 3961 “Tyrios
313 3885 407 3937 melior
420 3885 493 3936 venit
508 3900 595 3935 annus
640 3888 708 3949 uoe',
727 3893 754 3935 et
766 3883 869 3951 Agave,
883 3892 1029 3934 matertere
1047 3876 1144 3931 Bacchi

86 3968 117 4019 in
130 3983 249 4036 egrossi
265 3962 345 4017 etlib.
358 3963 422 4028 ΧΗ,
434 3963 485 4030 693
499 3984 505 4013 :
522 3983 532 4007 u
545 3963 596 4032 Ty·
642 3975 724 4014 erant.
739 3964 815 4013 Prior
829 3979 922 4015 sensus
934 3961 999 4015 mihi
1010 3961 1096 4015 verior
1108 3958 1145 4009 vi·

87 4046 144 4097 n'os
155 4048 222 4117 juga
236 4043 348 4116 perdere
363 4056 500 4094 montes.»
516 4041 596 4112 Tyria
642 4041 727 4093 detur.
748 4042 858 4091 Bnnsuo.
