2646 4822
224 340 265 405 38
458 338 493 398 P.
520 338 555 398 P.
582 335 736 399 STATlI
761 332 1037 398 THEBAIDOS

267 462 435 529 Suffecere
446 460 540 541 odio,
553 459 717 552 furiisque
729 457 935 525 immanibus
948 471 1079 525 emtum
1090 470 1143 524 eet
1206 464 1208 469 ’

266 571 454 665 OEdipodae
466 571 593 643 sedisse
605 569 689 637 loco.
702 573 778 636 Jam
790 587 880 638 sorte
892 567 1028 636 carebat

219 768 222 772 λ
267 681 398 750 Dilatus
411 680 577 775 Polynicis
589 680 710 748 honos.
723 682 806 764 Quis
818 695 891 746 tum
904 680 980 760 tibi,
994 701 1097 760 saeve,

1228 685 1275 739 165

220 886 280 939 que.
290 867 373 938 Epist.
385 856 428 921 ὄπ’.
439 869 634 932 Convertentur,
643 864 723 917 Laur.
768 865 834 917 bent
842 868 959 917 Petrene.
970 865 1032 916 Eae.
1043 861 1156 915 Cantab.
1165 861 1274 913 Tauria.

217 943 647 1017 venett.Aldd.001in.etGryph.
658 946 726 997 Cou-
769 937 1275 1014 Behot.Dan.Petay.Lipsian.Buslid.

219 1034 360 1090 vectentur,
370 1023 466 1077 Belrot.
478 1024 594 1077 Petrens.
606 1023 723 1095 Lipsiae.
768 1025 851 1094 Laug.
870 1025 951 1075 Laur.
969 1025 1074 1075 Venett.
1094 1021 1126 1087 3,
1145 1021 1180 1088 4,
1198 1021 1275 1073 Rom.

217 1102 316 1156 Buslid.
328 1105 412 1174 Lang.
424 1104 494 1155 Dan.
506 1104 596 1154 Petav.
610 1115 636 1154 et
647 1121 725 1154 mem·
769 1100 851 1156 Aldd.
868 1101 953 1153 Colin.
972 1101 1073 1174 Gryph.
1090 1098 1171 1155 Basil.
1191 1097 1276 1153 Plana
1309 1102 1312 1111 “

218 1178 306 1233 branae
329 1180 447 1243 Barthii;
471 1182 561 1252 itaque
584 1179 724 1232 ediderunt
768 1185 865 1236 Gerart
877 1194 903 1233 et
915 1183 1157 1250 Grasser.-Reg.
1170 1176 1278 1247 B,Suf·

217 1263 293 1311 Bern.
315 1256 495 1329 Lindenbrog.
517 1259 595 1311 Cruc.
618 1259 740 1311 Gevart.·
762 1254 1276 1334 ficereodio;Reg.C,Suffecereodt'o.

216 1340 285 1390 Dan.
299 1337 389 1387 Heins-
402 1339 521 1393 Gronov.
533 1351 560 1390 et
569 1351 725 1391 recentt.-
769 1343 801 1392 Δ.
816 1370 853 1380 -
868 1338 1002 1409 Suffeceoe
1016 1337 1085 1390 odio.
1103 1331 1278 1403 subintellige

219 1424 407 1472 Convertentur
421 1437 488 1491 opes.
501 1422 565 1472 Non
581 1438 724 1490 concoquo
770 1419 925 1473 exercendo.
950 1449 986 1458 -
1001 1415 1279 1482 Furiis.1dest,ori·

216 1499 274 1551 haec
283 1498 381 1564 verba,
392 1510 419 1548 et
429 1497 516 1551 audeo
527 1498 657 1553 affirmare
668 1516 725 1550 esse
770 1500 903 1564 minibus,
916 1518 962 1551 seu
975 1498 1089 1569 flagitiis.

218 1597 234 1628 a
250 1576 320 1628 mala
337 1595 418 1627 manu
433 1576 496 1628 libri
509 1577 612 1629 calamo
627 1578 726 1629 exarati
808 1577 867 1643 164.
880 1580 943 1630 Jam
954 1587 1021 1628 sorte
1032 1577 1142 1627 carebat.
1158 1573 1276 1645 Lipsius.

218 1656 263 1708 fidi
274 1655 340 1708 mihi
351 1669 447 1724 testes,
461 1658 558 1730 quibus
569 1657 725 1711 auctoribus
770 1653 1277 1726 etBuslid.cadebat;quodreceperunt

217 1736 277 1805 lego
289 1736 478 1788 Convectentur
488 1754 560 1807 opes,
572 1755 655 1807 quum
664 1755 725 1806 par·
768 1734 949 1805 lindenbrog.
958 1737 1035 1787 Cruc.
1044 1735 1276 1786 etBern.Petrena

217 1835 251 1868 vo
273 1828 299 1867 et
316 1833 436 1886 paupere
455 1834 537 1886 regno
556 1827 610 1866 tam
629 1817 725 1866 acriter
769 1817 832 1867 Eae.
853 1815 965 1867 Cantab.
983 1818 1063 1867 Laur.
1081 1813 1165 1886 Lang.
1183 1810 1274 1865 Reme

217 1896 357 1967 pugnatis3
378 1913 393 1944 ο
413 1896 516 1946 miseri!
537 1894 642 1964 inquit,
660 1891 727 1964 quid
769 1896 838 1945 Dan,
860 1896 947 1946 Petav.
966 1895 1071 1945 Venett.
1094 1893 1127 1960 3,
1146 1891 1180 1958 4,
1198 1893 1273 1943 Rom.

217 1977 340 2026 faceretis
352 1976 375 2026 si
386 1975 567 2025 Romanorum
580 1987 606 2025 et
615 1972 726 2027 Cartha·
769 1972 849 2024 Aldd.
862 1973 948 2024 Colin.
959 1972 1060 2046 Gryph.
1070 1969 1150 2023 Basil.
1160 1970 1274 2023 Gronov.

216 2056 376 2126 giniensium
395 2057 507 2126 apesin
524 2073 607 2107 unum
627 2072 725 2106 conve·
769 2050 1275 2124 Veeu.etDelph.earebat,iniprobante

217 2135 333 2187 llantur?
343 2137 472 2187 Berraum
480 2137 587 2206 --Reg¹
599 2134 727 2205 Bpraebet
766 2133 882 2185 Barthio.
892 2164 929 2174 -
940 2135 1003 2185 Jam
1014 2144 1080 2185 sorte
1091 2131 1210 2184 cadebat.
1222 2131 1273 2193 tta:

221 2218 411 2269 Condectentur
421 2235 497 2286 opet;
509 2217 573 2285 Reg.
585 2215 607 2268 C
617 2218 726 2268 Convec·
769 2234 851 2287 gnum
865 2215 992 2267 mendum
1006 2214 1071 2266 dum
1086 2212 1181 2265 tollere
1198 2229 1273 2264 cona·

218 2307 376 2368 tenueropes-
388 2297 723 2366 A.-Convectenturopes.
769 2307 822 2360 tut,
834 2294 899 2346 fecit
910 2294 1072 2345 Bernartius.
1085 2295 1183 2344 Utrum
1198 2287 1274 2355 enodi·

219 2377 280 2426 Nou
296 2376 317 2425 si
329 2391 399 2431 unus
413 2372 552 2444 possideat
566 2393 630 2445 opes
642 2373 725 2445 Phry·
770 2371 818 2438 dit,
829 2371 1039 2441 caderedilattem
1046 2383 1121 2434 sorte,
1131 2380 1274 2435 escuem

217 2456 274 2524 gias
290 2465 317 2505 et
331 2455 432 2524 Tyrias.
452 2455 518 2525 Opes
529 2465 619 2505 autem
633 2452 725 2522 Tyrias
770 2450 890 2515 differri,
912 2468 946 2501 an
966 2461 1033 2502 sorte
1051 2450 1144 2519 cadere
1160 2447 1232 2515 diei,
1247 2460 1273 2498 ut
1303 2453 1306 2461 ’

218 2530 298 2597 dixit,
310 2543 340 2583 ut
353 2531 505 2586 ostenderet
515 2533 609 2603 Tyrios
621 2549 725 2602 semper
769 2548 847 2581 causa
860 2530 969 2581 cadere?
978 2530 1084 2580 Utroris
1095 2540 1186 2579 tamen
1197 2525 1274 2579 modo

217 2611 312 2662 divites
321 2611 419 2677 fuisse,
429 2610 576 2663 secundum
586 2611 725 2680 Virgilium
771 2609 897 2661 ceciderat
903 2621 959 2660 erat
966 2607 1118 2659 dicendum.
1126 2607 1212 2658 Nobis
1219 2624 1275 2658 nuo

217 2691 366 2756 dicentem,
382 2691 442 2741 AEn.
456 2693 480 2757 1,
498 2690 570 2759 364:
595 2693 726 2743 aPortan-
769 2690 859 2758 piam,
869 2690 921 2740 nisi
930 2688 1043 2752 carebat,
1057 2689 1212 2738 inventum:
1224 2704 1275 2738 seu·

217 2783 260 2821 tur
272 2771 346 2823 avari
355 2769 534 2842 Pygmalionis
546 2788 620 2840 opes.
632 2793 643 2817 a·
654 2771 723 2827 Lac·
770 2770 947 2837 susque-ejus3
958 2766 1127 2838 Polynicem,
1138 2765 1222 2817 dilato
1234 2765 1276 2816 lto·

216 2865 292 2899 rtur.
310 2876 347 2887 —
365 2848 435 2898 Loca
453 2847 523 2911 dira,
543 2865 661 2916 arcesque
677 2866 724 2898 ne-

217 2928 314 2995 fande.
331 2925 481 2982 Sceleribus
499 2925 600 2978 scilicet
615 2925 723 2995 Olldipi.

219 3005 423 3070 «Declamatio,
437 3008 474 3056 ait
485 3007 653 3069 Lactantius,
666 3024 724 3075 quae

217 3084 348 3156 significat
360 3102 404 3136 eas
416 3102 510 3136 causas
522 3085 634 3137 movisse
646 3083 725 3149 odia,

218 3182 275 3234 quae
282 3163 446 3235 restinguere
455 3161 623 3226 debuissent,
633 3162 725 3230 fugere

218 3243 289 3294 euim
301 3238 452 3295 debuerunt
463 3239 491 3295 hi
502 3240 598 3290 fratres
609 3238 668 3294 loca
684 3238 725 3291 di-

218 3338 264 3384 ra,
283 3333 309 3372 et
327 3331 432 3387 sceptra
448 3316 548 3386 OEdipi
567 3317 723 3386 parricidae,

216 3400 401 3470 potiusquam
415 3395 448 3448 ad
463 3396 520 3447 haec
535 3396 645 3456 crimina
659 3414 724 3466 pro·

769 2864 835 2896 nore
854 2847 881 2896 in
901 2847 1052 2916 proximum
1070 2865 1190 2912 annum,
1208 2856 1274 2897 sorte

769 2925 897 2993 regnandi
918 2926 1052 2992 caruisse,
1072 2927 1134 2997 quia
1156 2936 1275 2978 evenerat

769 3003 814 3055 illa
836 3004 948 3055 Eteocli.
974 3008 1004 3055 ln
1025 3008 1188 3056 contrarium
1204 3001 1274 3076 apud

769 3083 905 3146 Taciturn,
915 3082 1012 3135 Annal.
1024 3084 1061 3133 lll
1068 3122 1076 3149 ,
1087 3082 1136 3137 56:
1150 3105 1162 3129 ι
1172 3083 1274 3135 Servius

769 3160 959 3230 Maluginensis
978 3161 1141 3230 postulavit,
1160 3176 1192 3214 ut
1212 3163 1273 3222 Aah

770 3251 868 3289 sortem
878 3238 998 3290 haberet.
1007 3263 1019 3286 n
1029 3242 1069 3291 lta
1079 3241 1149 3291 enim
1158 3240 1211 3309 lag.
1221 3256 1274 3295 nou

772 3320 881 3369 «Asiam
903 3331 1005 3370 sortem
1030 3323 1065 3371 Ut
1089 3319 1185 3370 eodem
1208 3317 1272 3370 libro

768 3414 863 3467 supra,
874 3420 885 3443 u
896 3408 967 3449 sorte
974 3399 1042 3449 Asiae
1049 3396 1272 3468 depellertdumee

768 3488 795 3526 et
810 3477 897 3537 infra,
914 3494 991 3529 usors
1007 3477 1076 3528 Asiae
1092 3477 1120 3526 in
1137 3494 1217 3542 eum,
1230 3474 1274 3547 qui

768 3553 949 3605 consularium
980 3554 1158 3624 Maluginensi
1186 3556 1273 3625 proxi·

217 3490 374 3547 peterent.»

255 3555 313 3608 163.
333 3553 466 3626 Suffecere
485 3551 560 3616 odio,
577 3550 721 3623 furtisque.

216 3634 349 3705 Suffecere
361 3632 443 3695 odiis,
455 3631 651 3701 manuscriptus
662 3633 723 3691 Bar·
767 3655 826 3688 mus
848 3650 924 3704 erat,
944 3636 1080 3689 conlata.»
1102 3637 1220 3689 Gronov,
1239 3666 1274 3679 .-

216 3713 279 3776 thii;
287 3728 313 3767 et
321 3715 360 3767 sic
371 3716 450 3768 etiam
459 3710 564 3783 legebat
571 3713 723 3764 Lactantius
767 3716 848 3786 Regg.
862 3718 883 3767 B
894 3728 921 3767 et
931 3716 953 3767 C
964 3714 1065 3766 hahent
1075 3716 1138 3766 Jam
1151 3726 1219 3768 sorte
1231 3732 1274 3766 cu·

215 3793 648 3865 inComment.furtisqaeAmstel.
658 3793 724 3843 Gro-
768 3795 844 3846 rebat.
858 3795 890 3845 A.

216 3894 278 3926 nov.
295 3873 387 3928 Barth.
396 3878 480 3927 Veeu.
496 3886 524 3927 et
538 3873 634 3944 Delph.
650 3872 722 3924 unde
807 3871 865 3924 165.
889 3871 995 3925 Dilatus
1015 3872 1152 3943 Polynicis
1176 3873 1271 3927 honos.-

216 3953 321 4019 nescio,
332 3953 425 4005 nisisit
437 3971 512 4004 error
524 3951 721 4025 typothetarum
767 3955 823 4026 quis
840 3964 896 4005 tum
913 3953 966 4005 ribi.
983 3956 1113 4006 Demster.
1128 3952 1164 4004 ad
1178 3951 1270 4005 Claud.

217 4032 245 4082 iu
255 4030 295 4085 ed.
306 4028 415 4085 Amstel.
423 4031 558 4104 fieriisque
569 4044 639 4084 certe
653 4030 722 4084 exhi·
766 4034 844 4104 Rapt.
860 4035 981 4106 Proserp.
997 4037 1024 4101 l,
1038 4050 1102 4087 100:
1118 4043 1185 4086 sorte
1198 4032 1272 4086 eade·
