2646 4822
222 252 232 293 l

290 395 293 402 “
390 390 392 395 ’
416 400 419 405 ’
479 385 626 450 LIBER
651 389 677 451 Ι.

109 511 250 581 Advertit
259 512 374 580 vultus
387 539 394 578 ε
409 514 616 580 inamoenum
628 514 715 583 forte
728 515 865 585 sedebat
952 510 954 515 ¹

106 628 248 716 Cocyton
256 620 600 718 juxta,resolutaque
611 622 736 694 vertice
748 629 873 712 crines,
1073 661 1108 713 90

105 734 263 802 Lambere
275 733 443 803 sulfureas
454 738 656 827 permiserat
667 738 837 830 anguibus
847 741 966 810 undas.

104 844 194 912 Ilicet
205 847 404 938 igne‘Jovis,
416 843 590 941 lapsisque
601 851 734 915 citatior
745 851 845 918 astris

104 955 269 1023 Tristibus
282 954 418 1022 exsiluit
428 958 522 1048 ripis.
536 957 686 1026 Discedit
697 962 797 1027 inane

104 1065 247 1158 Vulgus,
262 1081 295 1132 et
306 1089 466 1134 occursus
479 1065 626 1136 dominae
637 1086 748 1161 pavet.
764 1069 825 1137 1113
838 1094 901 1164 per
912 1070 1049 1140 umbras

94 1313 133 1380 89.
144 1310 265 1362 Advertit
273 1311 367 1364 vultus.
378 1311 559 1381 Benevultus,

606 1315 718 1383 cudere,
731 1313 853 1386 ἆπόῥροιαι
870 1329 932 1368 sunt
947 1318 1015 1390 ignis
1028 1303 1110 1369 tethe-

60 1406 109 1442 non
116 1391 219 1461 faciem
231 1390 309 1443 dixit:
321 1391 410 1444 vultus
423 1393 492 1444 euim
505 1412 562 1445 mu·
604 1398 658 1461 rei,
672 1415 729 1466 quae
741 1395 823 1463 liunt,
836 1414 918 1468 quum
929 1395 1112 1448 vehementior

60 1480 125 1521 tatur
147 1489 179 1522 ex
202 1472 284 1522 animi
307 1471 452 1542 qualitate,
479 1474 560 1524 facies
605 1488 700 1527 ventus
713 1475 791 1528 altius
803 1474 1044 1543 conscenderit‚et
1056 1488 1124 1550 tra-¹

61 1566 160 1621 semper
175 1550 294 1621 simplex.
311 1553 441 1602 Lucrsur.
451 1581 487 1591 -
497 1553 562 1602 Ina-

61 1645 186 1702 moenum.
202 1631 226 1680 A
237 1628 403 1701 .quffiusdam
421 1630 562 1701 Tapiuosis

60 1706 182 1775 creditur,
195 1709 241 1779 qui
252 1720 348 1778 putant
358 1720 466 1777 poetam
481 1725 563 1778 squa-

59 1785 213 1839 lidissimum
236 1787 360 1840 debuisse
382 1788 480 1839 dicere.
501 1791 563 1840 lua-

58 1885 174 1918 moenum
186 1878 250 1937 ergo
263 1867 340 1938 dixit,
352 1869 408 1918 siue
420 1866 475 1919 ulla
486 1885 564 1919 amoe·

56 1947 154 2012 nitate,
174 1960 201 1998 et
219 1964 273 1998 una
292 1961 331 1999 est
347 1948 476 1999 orationis
492 1965 561 2016 pars.

57 2027 94 2078 Ut
99 2026 194 2096 Virgil.
205 2026 398 2092 AEn.V1,438:
412 2028 564 2098 «Tristique

55 2105 132 2178 palus
150 2105 301 2159 inamabilis
317 2106 421 2159 unda·
436 2107 562 2159 Lucraur.

55 2215 91 2224 —
102 2185 195 2252 Quum
205 2188 294 2257 superi
305 2187 376 2239 orbis
388 2186 495 2238 llumina
505 2185 565 2240 nul·

56 2263 82 2316 la
93 2284 123 2316 re
134 2267 220 2335 magis
233 2271 315 2336 quam
326 2268 478 2336 amoenitate
490 2284 564 2317 com.

56 2342 232 2409 mendentur,
247 2346 337 2395 omnia
349 2346 482 2396 contraria
499 2345 565 2396 dixit

56 2424 223 2475 inamoenum
236 2422 390 2494 perhibens.
408 2426 506 2477 Bsxrrr.

91 2519 136 2573 90.
159 2503 275 2573 Cocyton
287 2505 383 2574 juxta,
404 2503 567 2576 resolutaque

57 2584 249 2635 verticecrines.
264 2584 388 2654 Cocytos,
397 2602 444 2636 seu
453 2585 567 2656 Cocytus

56 2682 128 2714 unus
140 2681 172 2714 ex
183 2662 268 2714 lluviis
280 2663 435 2715 inferorum.
445 2692 482 2703 -
492 2664 568 2715 Reso-

606 1554 671 1607 here
684 1555 776 1607 exinde
789 1553 892 1627 aliquas
904 1555 1048 1627 particulas
1058 1573 1113 1606 coe-

606 1636 693 1706 perit,
706 1653 762 1705 quoe
777 1633 902 1685 simulam
916 1652 1006 1684 casum
1022 1632 1112 1686 stella-

606 1733 675 1765 rum.
688 1714 805 1777 Servius,
815 1712 850 1764 ad
858 1712 931 1764 illum
941 1716 1012 1784 Virg.
1023 1713 1113 1764 locum

606 1796 704 1864 Georg.
712 1791 812 1859 1,365:
830 1816 840 1838 u
851 1793 924 1864 Saepe
935 1794 1014 1844 etiam
1024 1791 1113 1844 stellas

607 1888 687 1926 vento
698 1873 869 1944 impendente
880 1872 981 1926 videbis
992 1873 1115 1944 Praecipi-

608 1966 647 2005 tes
664 1953 729 2005 caelo
746 1951 814 2005 labi:
832 1955 973 2023 noctisque
991 1972 1039 2024 per
1057 1970 1114 2003 um·

608 2031 670 2083 bras
690 2031 866 2083 Flammarum
887 2032 982 2101 longos
1004 2050 1019 2082 a
1038 2044 1114 2101 tergo

609 2110 743 2163 albescere
756 2124 866 2163 tractus.
880 2134 891 2157 n
905 2112 1015 2162 Benaco.

644 2191 687 2261 93.
702 2191 823 2244 Tristibus
832 2191 936 2243 exsiluit
945 2190 1014 2263 ripis.
1026 2188 1116 2264 Codex

610 2271 724 2335 Barthii,
742 2271 843 2323 exsiliit
857 2268 1035 2342 rippis5-edd.
1051 2281 1116 2321 vett.

610 2369 702 2402 omues
711 2349 799 2401 exiliit
809 2351 871 2423 ripis
875 2373 885 2411 ,·
896 2348 988 2401 Bohot.
999 2350 1116 2399 Petrens.

608 2427 718 2481 Amstel.
728 2430 845 2481 Gronov.
855 2428 944 2480 Barth.
956 2441 1005 2478 etc.
1017 2426 1116 2479 exiluit.

610 2507 851 2578 —Reg.Bp1·aebet
858 2506 958 2558 exiluit.
972 2505 1120 2558 A.-Tris·

612 2584 684 2636 tibus.
699 2586 770 2636 Bene
785 2584 819 2635 ad
833 2585 908 2635 nefas
922 2584 1041 2635 tristibus
1053 2582 1136 2635 locis-

613 2663 732 2713 exsiluit:
754 2663 814 2733 quia
829 2662 929 2713 habent
945 2663 1024 2715 inferi
1041 2664 1120 2713 etiam

58 2741 168 2814 lutoque
179 2741 274 2794 vertice
282 2742 374 2794 crines.
383 2745 420 2794 Ut
429 2741 568 2812 Virgilius,
613 2740 674 2792 loca
688 2760 800 2793 amoena.
815 2743 946 2792 Ltcmrrr.
961 2769 998 2778 -
1008 2740 1123 2791 Discedit

58 2823 119 2874 AEn.
137 2823 185 2888 IV,
202 2820 272 2890 509:
289 2822 401 2874 uCrines
420 2821 507 2872 effusa
525 2838 568 2872 sa·
614 2822 703 2873 inane.
713 2818 860 2873 Discedunt
872 2819 972 2871 umbrae
986 2838 1044 2889 quoe
1055 2819 1132 2871 soti-

57 2901 168 2964 cerdos3
177 2904 242 2974 ipro
250 2903 336 2953 crines
345 2901 447 2953 habens
456 2901 567 2952 effusos.
614 2899 655 2952 dis
668 2898 827 2971 corporibus
839 2913 940 2951 carent.
952 2898 1080 2949 Luc-rursu.

56 2980 187 3032 Lucrum.
209 3011 246 3020 -
269 2979 441 3054 Resolutaque
467 2981 567 3032 vertice.
649 2979 693 3050 94.
711 2977 827 3054 Vulgus,
842 2988 867 3030 et
881 2995 996 3030 occursus
1006 2977 1122 3029 domiuoe

62 3057 127 3110 «Ad
136 3059 286 3111 fomentum
296 3063 424 3127 veneni‚»
437 3059 569 3131 glossator
611 3069 699 3130 pavet.
724 3058 826 3130 Vulqus
848 3067 873 3108 et
893 3075 1017 3122 occursu,
1039 3054 1120 3107 Addd.

59 3139 569 3209 manuscriptus.0ptime;oriuesenim
614 3137 707 3189 Colin.
718 3136 817 3210 Gryph.
833 3135 912 3188 Basil.
927 3135 1011 3186 Plant.
1027 3148 1053 3186 et
1067 3136 1121 3187 Ge-

58 3220 199 3270 Furiarum
211 3220 323 3271 maxime
336 3230 410 3270 erant
419 3232 569 3289 serpentes,
613 3229 690 3280 vart.;
699 3235 816 3269 occursus
823 3233 914 3267 omnes
922 3215 1001 3267 codd.
1010 3214 1127 3284 Barthii,

58 3310 91 3350 ut
114 3295 188 3368 apud
210 3309 349 3370 poetarum
374 3296 442 3349 filios
468 3317 568 3350 omnes.
613 3294 1082 3366 Gronovii3Liudenbrogii,Petrens.
1096 3309 1122 3348 et

58 3378 158 3428 snm.
613 3374 713 3428 Behot.
723 3375 797 3446 quod
810 3377 928 3446 reposuit
939 3373 1119 3445 Lindenbrog.

96 3472 141 3525 91.
153 3455 276 3507 Lambere
284 3455 571 3527 sulfureaspermiserat
615 3474 730 3526 eumque
751 3456 836 3507 secuti
856 3468 919 3506 sunt
939 3455 1006 3504 Dan.
1029 3455 1119 3506 Heius.

59 3535 190 3607 anguibus
203 3537 293 3588 undas.
310 3535 461 3603 Sullureas,
474 3536 503 3588 id
515 3551 570 3602 est,
614 3534 732 3585 Gronov.
744 3533 833 3586 Barth.
847 3545 874 3584 et
884 3545 995 3584 recentt.
1009 3563 1043 3571 —
1055 3533 1120 3603 Reg.

59 3613 203 3665 ardentes:
222 3631 359 3685 nunquam
376 3615 461 3666 sulfur
478 3614 571 3666 defluit
614 3614 651 3680 B,
666 3630 788 3666 occursus.
805 3613 837 3662 A.
851 3640 888 3651 -
907 3611 937 3663 V
935 3611 1020 3683 ulqus.
1037 3612 1121 3682 Copia

59 3694 113 3744 nisi
123 3691 157 3744 de
166 3691 228 3744 loco
236 3691 367 3763 flagranti.
375 3692 494 3765 Sulphur
502 3696 572 3746 enim
615 3705 642 3743 et
648 3691 766 3762 populus
774 3690 938 3742 umbrarum.
949 3687 1121 3757 Claudianus,

60 3785 139 3823 terrae
148 3770 285 3824 bullientis
296 3792 390 3843 spuma
401 3787 449 3824 est.
460 3775 570 3825 Benene.
615 3771 648 3824 de
659 3773 746 3842 Baptu
760 3774 882 3842 Proserp.
894 3769 941 3821 lib.
952 3771 978 3836 1,
989 3787 1037 3821 20:
1054 3771 1122 3834 «Di,
1182 3796 1185 3803 ¹

97 3867 143 3919 92.
161 3851 229 3924 Iyne
243 3851 325 3903 Jovis.
342 3851 481 3916 Fulmiue,
498 3851 572 3921 quod
616 3851 713 3922 quibus
726 3854 894 3902 innumerum
904 3851 980 3901 vacui
992 3849 1123 3901 famulan-

58 3931 123 3981 Jovi
135 3929 295 3981 attribuitur.
308 3961 344 3972 -
355 3932 496 4005 Lapsisque
506 3933 572 3983 cita-
618 3944 662 3981 tur
674 3932 771 3983 Averni
781 3928 883 3998 Vulgus
898 3931 976 3981 iners.
988 3952 998 3977 a
1012 3930 1123 3982 Nullum

62 4009 115 4061 tior
130 4008 211 4061 astris.
228 4010 305 4060 Astra
321 4029 376 4061 uon
395 4009 503 4062 cadunt.
521 4009 574 4063 Sed
620 4011 689 4060 enim
704 4009 742 4061 ibi
759 4004 916 4074 discrimen,
928 4021 959 4059 ut
972 4008 1042 4061 mille
1057 4008 1122 4060 locis

61 4086 138 4158 quod
150 4087 232 4139 stellae
244 4087 384 4141 videantur
397 4108 411 4140 e
423 4089 486 4141 caelo
497 4091 573 4160 quasi
618 4102 704 4161 poetae
714 4089 839 4142 clamant.
848 4091 944 4141 Bsnru.
953 4119 988 4128 -
996 4091 1119 4142 Domiuae
