2646 4822
134 397 175 464 50
368 398 402 459 P.
430 395 463 456 P.
491 393 646 458 STATII
669 393 948 460 THEBAIDOS

177 528 254 593 Dire
267 532 388 593 senex!
402 541 557 591 meruere
569 538 652 607 tuae,
666 544 836 607 meruere,
849 522 999 590 tenebrae

111 710 115 720 ,
177 637 330 706 Ultorem
342 660 478 729 sperare
489 641 620 703 Jovem.
635 641 730 704 Nova
741 634 897 703 sontibus
909 658 1006 703 erma

76 736 79 742 ¹
177 747 330 842 lnjiciem
341 750 471 842 regnis,
485 764 664 841 totumque
677 773 697 814 a
709 750 813 840 stirpe
826 744 987 814 revellam

175 857 314 927 Exitiale
326 883 445 951 penus.
460 856 541 926 Belli
552 857 637 926 mihi
650 861 780 926 semina
792 872 894 924 sunto

176 968 341 1037 Adrastus
354 992 463 1051 socer,
474 985 509 1036 et
519 971 655 1061 Superis
668 966 830 1061 adjuncta
843 961 995 1034 sinistris.

174 1079 361 1149 Connubia.
377 1086 474 1148 Hanc
487 1083 589 1149 etium
601 1084 709 1174 poenis
721 1083 890 1147 incessere
902 1094 1010 1169 genter

175 1199 370 1260 Decretum.
384 1198 503 1286 Neque
515 1195 606 1260 euim
618 1214 743 1260 arcano
756 1192 798 1260 de
810 1206 947 1284 pectore
959 1189 1010 1257 fell

175 1302 356 1380 Tantalus,
370 1318 405 1369 et
416 1320 515 1371 saevae
525 1306 626 1396 periit
636 1301 762 1396 injuria
774 1324 912 1368 mensae.
929 1331 942 1360 u

223 1416 275 1481 Sic
285 1428 383 1503 pater
393 1417 618 1504 omnipotens.
635 1420 692 1480 Ast
703 1412 753 1479 illi
766 1415 882 1479 saucia
894 1410 992 1477 dictis

129 1575 259 1629 sultavere
279 1577 389 1628 caecitati
407 1587 532 1647 paternae.
553 1575 638 1646 Supra
684 1594 761 1626 socer
773 1588 845 1638 erat,
859 1574 906 1626 sed
919 1574 1010 1643 quial

129 1657 267 1728 oedipus,
279 1658 327 1727 78:
341 1653 494 1708 «Insultent
508 1656 638 1721 tenebris,
684 1667 772 1718 tures,
784 1665 815 1703 ut
828 1662 971 1721 praesentes
986 1654 1011 1701 vi

129 1737 297 1808 gemitusque
319 1733 399 1787 odere
419 1748 582 1805 paternosn
603 1763 639 1772 -
676 1737 790 1805 juncta,
803 1751 853 1802 pro
870 1733 1010 1804 acljunqeni

95 1847 97 1851 .
129 1816 197 1865 Rata
208 1825 269 1866 uota
281 1812 374 1865 tulisti.
389 1813 458 1863 Diris
472 1811 542 1862 enim
554 1809 639 1861 devo·
684 1814 754 1863 enim
770 1825 845 1862 erant
865 1813 996 1883 arIJ'uncta.

129 1895 166 1944 vit
180 1893 248 1943 lilios
263 1892 298 1942 ob
313 1889 460 1942 inauditam
475 1891 639 1962 impietatem
683 1889 795 1941 Infensis
815 1889 968 1939 numinibus
989 1903 1010 1939 et

131 1971 261 2040 OEdipus.
274 1973 370 2022 Bsurn.
685 1971 746 2038 quia
759 1969 883 2018 morituri
895 1980 966 2018 sunt.
979 1968 1010 2018 Li

168 2045 639 2114 240.Dire.Velobscelera,velob
725 2046 785 2114 245.
813 2047 891 2098 Hunc
915 2060 1010 2119 qenten

132 2129 346 2199 imprecationes,
353 2124 639 2198 quasinfiliosfecerat.
684 2125 805 2186 Adrasti3
822 2127 885 2196 quia
900 2125 1010 2178 Adrasto

170 2205 641 2276 241.UltoremsperareJovem.Be·
686 2205 764 2258 cebet
791 2224 806 2256 a
830 2205 967 2272 Tantalo,
991 2226 1009 2276 p

131 2286 188 2337 hot.
199 2305 248 2356 pro
259 2305 313 2337 var.
325 2286 386 2338 lect.
401 2285 517 2337 Ultorem
527 2295 641 2357 spectare
687 2288 771 2336 aviam
792 2298 948 2356 paternam,
968 2282 1010 2336 filii

132 2365 234 2414 Jooem.
242 2364 367 2434 -Regg.
378 2363 397 2413 B
407 2375 434 2413 et
444 2361 465 2412 C
474 2360 575 2434 habent
584 2378 641 2434 spe·
686 2362 832 2429 Chloridis,
841 2381 897 2434 quae
909 2376 964 2414 erat
975 2361 1010 2412 fili

133 2460 197 2495 rare.
212 2444 244 2494 A.
255 2472 291 2482 -
301 2443 424 2496 Sentibus
435 2442 527 2515 requis.
541 2443 642 2513 Supra,
688 2456 714 2494 et
726 2441 827 2494 Niobes
840 2440 946 2493 Tantali
959 2440 1010 2493 filia

133 2539 172 2574 rs.
187 2537 218 2572 2:
236 2541 248 2565 u
258 2519 352 2574 Sontes
363 2518 480 2573 Thebas.
492 2542 503 2566 n
518 2550 553 2559 -
565 2518 643 2571 Nova
726 2523 784 2589 246.
796 2523 888 2597 Neque
898 2523 968 2572 enim
981 2543 1010 2574 ar

134 2618 216 2652 annu.
235 2621 250 2646 a
260 2600 449 2667 crudelitatis,
473 2613 582 2652 eatenus
602 2601 643 2649 in·
689 2622 782 2654 causas
792 2605 928 2656 curetiam
936 2603 1010 2671 Argis

135 2678 642 2754 ouditae,nglossogrsutiptusbsnru.
689 2695 759 2733 tere:
777 2680 878 2733 scilicet
894 2693 1004 2751 propter

171 2760 231 2828 242.
245 2763 369 2835 Injiciam
383 2763 476 2834 repitit.
492 2765 581 2813 Petav.
596 2760 644 2810 In·
688 2760 744 2827 lus,
756 2764 803 2831 qui
813 2759 938 2829 decipere
951 2779 978 2811 se
992 2777 1010 2810 ci

127 2839 224 2913 jicium
241 2839 355 2910 populis.
372 2870 409 2880 -
423 2840 504 2910 Regg.
524 2841 543 2888 Β
561 2851 588 2889 et
607 2838 644 2902 C,
690 2839 798 2908 quando
824 2837 987 2908 epulandum
1008 2838 1010 2888 j

137 2920 229 2993 requie.
242 2920 274 2969 Α.
688 2915 783 2966 filium:
794 2914 836 2965 vel
847 2915 920 2985 qnod
929 2914 1010 2986 epula

175 2996 234 3062 244.
256 2992 382 3046 Adrastus
399 3011 476 3046 socer.
496 2992 644 3058 Adrastus,
690 3007 891 3045 secretaeorurn
901 2995 1010 3046 mortalii

137 3074 296 3138 filiusTalai‚
304 3068 475 3143 Megapenthi
481 3080 645 3123 successerat
691 3071 725 3124 ob
740 3071 812 3143 quod
824 3073 928 3124 fucinus
941 3073 1010 3143 digni

138 3157 166 3205 in
183 3168 296 3224 regnum
311 3151 485 3221 Argivorum:
503 3163 579 3222 patre
597 3169 645 3200 au·
690 3170 735 3203 ros
747 3166 840 3222 poenas
855 3151 939 3203 solvit.
952 3153 1010 3204 Lacr

140 3248 194 3285 tem
203 3244 323 3296 mortuo,
336 3228 478 3295 Adrastus,
490 3230 588 3281 relictis
601 3228 647 3280 Ar·
729 3232 787 3300 247.
807 3232 891 3282 Periit
908 3234 1010 3304 injurie

140 3314 197 3382 gis,
214 3311 352 3380 Sicyonem
366 3325 393 3359 se
410 3307 539 3372 contulit,
555 3307 646 3380 ibique
691 3311 770 3362 literae
787 3312 925 3381 productae
942 3315 1010 3364 ratio

141 3408 224 3462 quum
236 3387 337 3458 aliquot
348 3404 432 3438 annos
442 3399 589 3456 regnasset,
599 3387 647 3436 Ar·
691 3406 752 3440 nem
764 3407 854 3440 versus
868 3391 935 3456 alia,
953 3389 1005 3442 elia

140 3485 189 3539 gos
205 3477 361 3529 revocatuS,
375 3464 557 3536 principatum
571 3466 598 3515 iu
616 3484 646 3514 ea
691 3469 816 3538 proprio,
836 3469 908 3538 quod
923 3472 978 3538 jam
998 3489 1010 3519 o

141 3544 209 3597 urbe
223 3545 324 3608 tenuit,
336 3541 383 3593 uhi
395 3541 547 3614 Polyniocm
560 3554 585 3594 et
597 3544 648 3614 Ty·
692 3546 874 3617 meminiAng.
883 3546 1010 3598 Politiano

140 3625 221 3677 deum
243 3622 371 3693 profugos
394 3622 505 3691 excepit.
527 3623 647 3690 Regnum
694 3626 783 3695 cisque
796 3623 970 3694 comparabili
982 3629 1007 3675 vi

142 3718 232 3757 autem
252 3697 545 3771 Argorum'obvenerat
564 3700 647 3751 Talao
693 3707 729 3769 II,
743 3721 780 3754 vs.
800 3702 866 3770 474:
884 3724 894 3747 a
905 3704 942 3753 Te
960 3705 1010 3754 Mel

142 3802 191 3856 per
202 3795 304 3854 patrem
312 3772 446 3845 ¹Bittnt'em,
460 3799 521 3831 cum
533 3799 585 3851 quo
598 3782 649 3831 fre·
692 3779 730 3829 ibi
747 3779 853 3830 demum
871 3781 981 3848 cuspide
998 3781 1010 3831 l

143 3875 184 3913 ter
192 3857 340 3929 Melampus
350 3857 415 3910 illud
426 3858 649 3928 acceptumaMc-
692 3859 769 3908 -Et
776 3873 848 3908 soevoe
854 3875 956 3910 merasce.
969 3859 1010 3925 Qu

143 3938 276 4009 gapenthe
293 3937 385 3988 ultimo
402 3935 598 4001 Danaidarum,
612 3935 647 4010 ob
692 3935 800 3986 landum
814 3935 897 3987 filium
912 3935 1000 4005 dedit,

143 4017 268 4068 liberatas
280 4035 294 4067 a
306 4017 395 4068 furore
406 4032 524 4079 sorores,
535 4014 647 4084 partitus
692 4032 752 4065 voni
765 4034 881 4068 mensam
892 4032 978 4068 vocat.

144 4096 237 4148 luerat.
251 4126 286 4135 -
297 4095 380 4149 Socer.
394 4095 472 4161 Non,
486 4095 547 4165 quia
560 4089 647 4144 adhuc
730 4093 789 4161 248.
804 4095 848 4148 Sic
858 4107 935 4167 pater
945 4116 1006 4150 omn
