2646 4822
479 353 622 416 uteru
647 351 673 413 1.
1059 352 1102 435 37

124 477 185 568 Igne
195 481 287 546 Noti?
298 477 387 563 Quid
400 480 427 544 si
439 478 551 570 Tyriae
563 473 759 568 Phrygioeve
772 474 834 542 sub
848 499 955 542 unum

122 589 346 659 convertentur
358 593 461 681 opes?
472 587 546 656 loca
559 587 647 668 dira,
660 611 822 681 arcesque
834 587 990 656 nefandae

88 814 131 848 tum
148 801 218 855 dldd.
242 803 326 855 Colin.
352 800 451 874 Gryph.
477 799 555 853 Basil.
602 817 653 870 que
664 799 745 851 modo
756 799 857 864 brevis,
871 798 952 850 modo
963 799 1107 868 longeest,

86 874 145 931 Plani.
161 894 185 933 et
198 882 304 935 Govart.
326 895 427 952 «portu
445 899 556 951 vergens
602 879 663 947 quia
677 877 812 930 interdum
826 877 951 928 scribitur
965 895 1013 948 per
1025 896 1051 942 n,
1066 878 1106 927 in·

34 1004 36 1009 .
84 971 208 1030 prospectat
219 960 311 1024 lbero;
322 984 334 1008 n
347 963 464 1013 Petrens.
476 977 554 1011 vero:
602 956 708 1007 terdnm
715 976 763 1028 per
773 975 797 1007 r:
809 957 897 1008 brevis
906 954 1000 1007 uthie:
1012 956 1106 1026 longa,

82 1049 138 1102 porta
151 1050 409 1113 verpere-prospectat
422 1040 507 1090 lbera.
523 1067 559 1078 -
604 1049 634 1087 ut
649 1035 703 1087 hoo
718 1035 821 1088 AEneid.
839 1039 888 1103 111,
906 1036 973 1089 5332
991 1038 1106 1087 «Portus

82 1112 278 1189 &mugiente
284 1118 403 1170 Gronov.
407 1131 496 1190 porta,
503 1136 558 1170 uon
604 1111 638 1164 ab
649 1115 706 1166 Eoo
716 1114 798 1167 fluctu
809 1129 934 1168 curvatus
944 1118 972 1167 in
981 1134 1080 1167 arcum.
1093 1138 1104 1161 ι

79 1207 150 1262 portu,
168 1210 197 1248 ut
213 1197 316 1248 habent
330 1199 467 1268 impressi,
486 1195 559 1267 quod
603 1225 640 1235 —-
655 1195 767 1268 Obliquo
782 1197 870 1248 sidere.
891 1195 936 1248 sol
953 1197 1024 1248 enim
1041 1195 1108 1246 obli·
1160 1223 1163 1231 ·

78 1274 559 1342 etiamGruterovisum‚ethene.Cardo
606 1276 664 1346 quie
678 1275 757 1328 radiis
769 1288 887 1342 tautum,
899 1295 955 1327 non
966 1275 1109 1347 perpendi·

75 1353 130 1404 enim
141 1367 179 1407 est
188 1368 286 1425 portae,
298 1372 353 1406 uon
363 1367 467 1425 portus.
480 1355 512 1404 Et
522 1355 559 1406 sic
605 1353 757 1422 coloribus,
777 1357 882 1425 attingit
903 1354 951 1408 has
970 1358 1108 1425 regiones,

72 1428 154 1484 Noster
171 1432 303 1485 Thebaid.
324 1435 365 1498 Χ,
387 1452 418 1486 r:
440 1433 561 1486 «Obruit
605 1434 641 1486 ob
658 1434 842 1506 obliquitatem
861 1433 989 1506 Sphaerae,
1009 1438 1036 1486 in
1056 1453 1109 1505 qua

70 1509 184 1582 Hesperia
209 1512 341 1565 Phoebum
368 1531 422 1564 nox
448 1511 559 1564 humida
606 1517 660 1565 eitae
680 1525 750 1565 suut.
765 1542 801 1553 -
819 1513 910 1566 Anius.
926 1513 975 1565 Vei
993 1517 1056 1585 quia
1075 1513 1109 1565 ab

28 1628 32 1633 .
66 1604 214 1659 portan-
228 1591 310 1662 Quem
320 1602 406 1663 portu.
419 1593 507 1644 Locus
519 1611 560 1644 re·
605 1593 1110 1664 iisregiouibussolsemotus3vel²quia

65 1679 101 1718 ote
111 1667 193 1720 habet
206 1669 274 1720 nihil
288 1669 459 1737 mutandum,
473 1672 560 1741 inquit
606 1693 661 1726 nou
673 1687 796 1726 movetur
811 1673 905 1725 eodem
921 1686 1008 1739 motu,
1024 1692 1111 1744 neque

62 1747 229 1813 Bernartius,
256 1752 340 1819 tangit
362 1748 483 1801 fabulam
507 1767 562 1822 qua
606 1753 1111 1825 subiisdemoirculo‚etpolis‚utpr'r·

60 1825 164 1896 fingitur
177 1829 224 1882 Sol
242 1831 270 1880 in
283 1830 387 1881 iberico
406 1831 475 1882 freto
490 1832 561 1882 oooi-
607 1850 682 1884 mum
689 1831 798 1884 Mobile.
809 1862 843 1873 -
853 1834 936 1883 Borea
944 1832 1051 1904 pedidus.
1063 1833 1112 1882 uo-

59 1905 127 1959 dere.
139 1936 178 1948 -
192 1910 276 1980 Quem
291 1919 370 1980 portu
382 1927 486 1981 verqens
500 1928 562 1981 pm·
607 1931 665 1964 reas
679 1923 772 1963 ventus
793 1911 860 1963 flans
874 1931 889 1962 a
903 1914 1112 1983 septemtrione,

57 1997 152 2058 spectat
161 1989 273 2053 Hibero,
284 1990 367 2061 Regg.
377 1992 398 2040 B
409 2001 435 2041 et
444 1989 479 2056 C,
489 1988 562 2040 exhi·
608 1994 654 2063 qui
666 2006 760 2044 ventus
774 1992 959 2062 frigidissimus
973 2005 1027 2056 est:
1041 1991 1111 2042 unde

56 2066 563 2139 bent.A.-Limes.Hionunoupatur
605 2071 705 2144 pelidae
725 2082 802 2123 terras
823 2070 897 2122 dicit.
919 2101 955 2111 -
975 2071 1111 2122 Madidive

55 2163 105 2216 pro
114 2148 242 2199 Termino
255 2160 281 2200 et
289 2149 350 2200 fine.
361 2147 420 2199 Vid.
433 2167 492 2219 sup.
505 2161 561 2200 not.
608 2164 720 2222 tepentes
732 2153 799 2222 ane
809 2152 883 2204 Noti.
896 2151 1028 2202 Putabam
1041 2165 1112 2203 vete·

61 2225 92 2277 *6
104 2240 132 2278 et
149 2227 193 2279 25.
210 2257 247 2267 —-
260 2229 345 2280 limes
362 2240 471 2300 uterque
486 2227 545 2302 poli
552 2268 561 2296 ‚
607 2250 662 2296 res,
675 2231 812 2300 regiones,
824 2246 882 2298 quae
894 2228 1053 2300 spectabant
1064 2247 1111 2299 po·

55 2323 132 2377 quem
156 2307 206 2360 Sol
225 2309 329 2361 emissus
350 2311 407 2359 Eoo
431 2310 561 2373 Cardine,
608 2311 662 2361 lum
672 2311 1011 2379 Autarcticum‚perpetuo
1022 2307 1112 2358 calore

55 2404 132 2457 quem
142 2397 222 2458 porta
231 2407 337 2461 verqens
346 2399 493 2461 prospectat
501 2391 562 2441 Ibe·
603 2391 713 2455 vermi,
735 2390 803 2440 sieut
823 2387 951 2440 videbant
972 2404 1032 2452 eas,
1055 2405 1111 2457 quae

56 2467 104 2516 ra?
121 2466 243 2538 Quasque
255 2467 349 2540 procul
365 2478 443 2519 terras
457 2467 562 2539 obliquo
608 2480 719 2536 vergunt
735 2465 771 2518 ad
786 2464 879 2536 polum
890 2467 1041 2532 Amicum,
1053 2484 1112 2535 per-

56 2543 136 2596 sidere
148 2547 237 2615 tanqit
246 2545 340 2613 Avito,
353 2559 400 2599 aut
408 2549 490 2599 Borea
499 2545 564 2618 peli-
607 2561 690 2616 petuo
701 2546 763 2616 gelu
775 2548 872 2616 rigere3
888 2544 960 2596 unde
975 2547 1035 2619 ique
1047 2546 1114 2599 Noti

56 2622 115 2690 dos,
133 2625 268 2677 madidive
284 2638 395 2696 tepentes
410 2628 476 2700 ane
485 2626 561 2680 Noti.
608 2637 721 2694 tepentes
728 2624 801 2676 dixit.
811 2628 898 2677 Notus
906 2637 995 2676 autem
1003 2637 1043 2675 est
1053 2644 1112 2675 ven·

56 2702 101 2754 His
119 2703 244 2755 versibus
261 2702 381 2774 designat
397 2718 479 2777 poeta
497 2723 564 2776 qua·
608 2718 651 2755 tus
674 2705 741 2755 ilaus
763 2723 779 2755 a
801 2703 921 2756 Meridie.
943 2735 979 2744 —
999 2706 1110 2756 Madidi.

58 2793 119 2832 tuor
128 2785 280 2853 praeoipuas
290 2783 381 2834 muudi
390 2794 494 2854 partes,
504 2800 562 2853 quae
608 2785 679 2850 Quia
690 2797 784 2834 ventus
799 2783 843 2834 ille
855 2782 1001 2853 pluviasne
1015 2783 1112 2835 imbres

58 2860 185 2914 cardines
203 2876 335 2914 vocantur-
350 2882 367 2915 a
385 2861 562 2932 geographi„
607 2876 741 2935 procreat.
757 2864 866 2914 Bruaro.

58 2953 152 3009 nempe
164 2940 277 3006 Ortum,
290 2939 444 2993 hisverbis:
459 2960 562 3012 «quem
647 2944 704 2995 161.
728 2943 797 3014 Quid
816 2945 838 2995 si
857 2942 944 3012 Tyrioe
959 2941 1114 3017 Phrypioeve

58 3017 101 3070 sol
115 3021 230 3072 emissus
243 3020 301 3071 Eoo
316 3020 462 3072 cardinem
477 3022 561 3073 Ocea-
607 3023 653 3077 sub
663 3041 754 3074 unum.
767 3022 855 3092 Tyriae
866 3021 1055 3094 Firmiorque,
1068 3042 1114 3095 op-

60 3114 116 3147 aum
133 3116 200 3151 vero
215 3117 265 3170 per
282 3098 352 3151 haee:
371 3119 470 3171 equom
484 3113 562 3171 porta
607 3100 1111 3173 timaeBarthiimembranae,etsicoouj.

59 3195 168 3246 vergens
187 3193 343 3249 prospectat
361 3180 469 3232 lbera.»
489 3183 563 3233 Desi-
607 3182 739 3242 Jortinus;
751 3178 875 3250 Phrygio
887 3179 1036 3250 Tyriaeque,
1049 3183 1112 3232 Exn.

58 3267 121 3324 goat
132 3269 223 3307 autem
236 3257 455 3328 Septemtu'onem
467 3257 508 3311 hie
521 3279 565 3311 vo·
608 3258 720 3310 Cantab.
734 3269 760 3309 et
771 3256 857 3308 codex
865 3259 1020 3319 Burmanui;
1031 3259 1115 3330 Pluy-

61 3333 150 3386 cihus:
164 3356 176 3381 ι
188 3346 235 3386 aut
248 3337 331 3387 Borea
343 3338 451 3407 gelidas.
462 3360 473 3385 n
487 3339 564 3391 Meri·
607 3339 658 3411 91¹ae
670 3339 802 3408 Tyrione,
814 3336 907 3388 Behot.
922 3349 948 3388 et
959 3340 997 3389 eie
1009 3337 1117 3408 legebat

61 3410 131 3464 diem
139 3433 207 3466 vero
213 3413 273 3466 his:
286 3439 298 3462 α
305 3416 437 3468 madidive
446 3429 564 3489 tepentes
609 3416 820 3485 Lactant.Tyrioe
826 3415 1112 3488 Phryqiaeveffletreuz.

63 3490 122 3560 Igne
135 3494 211 3543 Noti,
223 3517 234 3541 ι
248 3495 282 3544 Et
294 3496 431 3564 Lucanum
445 3497 564 3547 imitatus
609 3498 677 3548 Dan.
700 3499 786 3547 Petav.
804 3496 909 3546 Venett.
928 3494 962 3559 3,
981 3494 1013 3559 4,
1034 3493 1112 3546 Aidd.

64 3583 101 3622 est
113 3571 160 3626 lib.
177 3574 204 3639 Ι,
221 3572 251 3625 15
265 3587 290 3625 et
302 3593 393 3647 seqq.:
409 3599 420 3621 u
430 3574 507 3627 Unde
521 3593 565 3626 ve·
610 3574 699 3629 Colin.
710 3573 811 3648 Gryph.
826 3573 902 3625 Basil.
918 3572 1003 3624 Plaut.
1018 3587 1067 3624 etc.
1080 3603 1114 3612 -—

64 3648 100 3697 uit
115 3651 209 3715 Titan,
229 3662 255 3701 et
269 3670 322 3703 nox
339 3652 385 3703 ubi
401 3652 487 3704 sidera
502 3671 566 3704 con·
609 3655 808 3726 NonsiFrypioe
816 3652 1005 3724 Tyrioequesub
1016 3670 1113 3717 utrum,

65 3723 115 3791 dit,
130 3729 246 3799 Quaque
264 3731 320 3783 dies
333 3732 436 3784 medius
453 3730 565 3800 flagran·
610 3735 675 3802 lieg.
686 3731 774 3799 B,sed
784 3750 865 3802 super
874 3748 927 3781 non
937 3730 1113 3802 legiturquid.

66 3803 133 3858 tibus
149 3821 245 3882 aestuat
263 3811 324 3861 oris.
343 3842 378 3851 -
392 3813 457 3862 Eoo.
477 3813 546 3863 Eous
554 3851 564 3878 ,
610 3817 673 3885 Reg.
685 3814 706 3864 C
718 3811 818 3884 praebet
829 3811 895 3884 ane
905 3810 1007 3862 Nothi?
1018 3811 1087 3880 Quid
1094 3813 1120 3862 si

67 3881 146 3953 '11qu
161 3889 258 3941 Oriens
272 3889 377 3954 dicitur,
390 3892 423 3942 ab
435 3890 479 3946 tide
491 3892 564 3962 quod
612 3893 698 3961 Tyrioe
711 3891 845 3961 Pryqioeve
856 3889 900 3940 sub
914 3906 1003 3939 unum.
1018 3890 1050 3938 Α.

68 3976 201 4033 animane,
212 3981 239 4019 et
246 3973 358 4021 Aurora.
367 3970 477 4039 Capitur
486 3972 564 4023 etiam
648 3971 707 4023 162.
722 3974 909 4023 Convertentur
919 3971 996 4039 opes?
1008 3969 1115 4020 Conuer-

69 4037 204 4112 adjective,
223 4065 275 4117 pro
296 4048 448 4116 onomatis,
468 4053 565 4120 prima·
611 4063 700 4102 rentur
715 4066 789 4118 opes,
806 4049 849 4099 Fr.
865 4044 972 4098 Modius
987 4047 1120 4097 Novanti*
